4774 6330
559 479 610 537 aa
704 451 946 538 leons-n
982 432 1973 534 Arcanouteo-Pannonoc'tennnn

558 695 620 756 res
668 691 832 758 naturae
877 669 1128 758 formatrices
1169 671 1241 752 vel
1293 663 1611 772 repromcenoes
1661 672 1706 752 in
1754 671 1835 753 hoc
1883 669 2103 776 specimine

559 811 831 916 observatae,
887 817 1105 922 praecipue
1147 813 1283 892 loom
1322 808 1476 891 habent
1513 813 1558 892 in
1602 813 1671 893 illa
1711 815 1920 916 pulmonis
1963 833 2100 919 parte,

557 979 660 1060 quae
709 979 732 1038 a
773 958 937 1062 plemne
979 955 1291 1040 continuatione
1341 947 1540 1056 producta
1591 955 1850 1035 intolucntm
1901 957 2103 1060 pulmonis

559 1119 775 1182 externum
818 1094 1054 1198 constiutit,
1085 1113 1129 1178 ot
1163 1093 1259 1176 ideo
1292 1095 1459 1198 pleume
1497 1095 1739 1198 pulmonnlis
1767 1097 1934 1178 nomine
1970 1103 2101 1181 venit

557 1239 575 1320 l
586 1237 677 1320 lanc
699 1254 850 1344 partem
871 1240 946 1322 hac
969 1242 1125 1321 ratione
1149 1237 1253 1318 affici
1273 1231 1419 1342 posse,
1442 1242 1625 1338 quamvis
1648 1233 1731 1341 ipsa
1751 1239 1959 1341 pulmonis
1982 1259 2100 1342 quam

556 1383 702 1482 cingit,
736 1377 946 1464 substantia
975 1378 1092 1466 simili
1130 1384 1308 1482 ratione,
1347 1399 1414 1460 aut
1443 1377 1783 1478 inflammatione,
1821 1376 1930 1460 haud
1961 1376 2104 1461 affecta

554 1521 625 1622 stt,
655 1519 811 1626 saepius
839 1519 959 1606 nobis
988 1517 1232 1606 observandi
1261 1517 1344 1602 fuit
1373 1521 1560 1624 occasio,
1588 1539 1707 1624 acque
1739 1521 1821 1602 hoc
1846 1522 1892 1602 in
1915 1517 2099 1626 specimi-

554 1683 607 1746 ne
639 1663 928 1768 pathologico,
962 1661 1077 1768 quod
1103 1662 1204 1745 Tab.
1235 1661 1309 1743 Ill.
1353 1663 1592 1764 exhibeant,
1623 1664 1670 1744 in
1698 1658 1856 1744 smnmo
1887 1660 2012 1767 gradu
2041 1667 2103 1746 lo

554 1825 648 1882 cum
682 1797 861 1885 habuisse
887 1801 1142 1886 innuentibus
1166 1805 1290 1886 etiam
1316 1805 1479 1884 iconem
1504 1825 1642 1912 patere
1664 1819 1831 1912 potest3
1860 1807 1905 1888 in
1934 1807 2008 1887 illo
2029 1829 2099 1890 ve·

556 1969 600 2024 ro
628 1939 849 2050 specimine
870 1947 979 2028 nulla
1009 1947 1107 2050 alia,
1136 1965 1294 2052 praeter
1322 1945 1377 2028 fic
1407 1943 1556 2028 dictam
1589 1947 1771 2051 picurum
1793 1949 2095 2052 pulmonalem,

556 2087 693 2187 organi
727 2087 1001 2194 respirationis
1030 2110 1120 2192 pass
1154 2087 1296 2170 morbo
1325 2107 1514 2193 correpta
1544 2083 1651 2190 sitit,
1681 2089 1737 2172 ita
1766 2105 1815 2170 ut
1840 2111 1924 2170 non
1949 2107 2102 2174 tannun

555 2220 764 2312 substantia
804 2227 1008 2333 pulmonis
1050 2229 1280 2312 remanserit
1321 2231 1501 2333 integra,
1542 2234 1845 2314 verumetiam
1870 2230 2100 2314 membrana

557 2365 747 2449 cellulosa
770 2369 957 2474 propria,
985 2365 1056 2453 sub
1081 2374 1221 2478 plenta
1247 2371 1470 2476 pulmonali
1498 2371 1584 2454 srta.

606 2511 661 2592 ln
699 2511 780 2592 lroc
818 2531 920 2594 vero
937 2493 1173 2618 'specimine
1217 2535 1336 2594 terne
1379 2517 1921 2621 pleuto-peripneumoniae
1961 2533 2102 2600 namra

559 2667 750 2756 apparet,
779 2667 824 2735 et
856 2673 938 2757 quo
965 2653 1090 2736 modo
1118 2655 1221 2738 haec
1243 2659 1366 2738 etiam
1385 2659 1484 2737 novi
1510 2660 1727 2764 organismi
1761 2653 2103 2743 constructionem

552 2799 750 2879 moliatur.
823 2794 957 2902 Huius
993 2797 1115 2918 ipsius
1148 2801 1363 2906 ²pulmonis
1400 2795 1584 2878 morbosa
1627 2795 1792 2879 affectio
1832 2799 1966 2901 primo
2007 2801 2100 2879 loco

556 2953 720 3042 apparet
753 2931 859 3018 infra
886 2952 929 3016 et
952 2939 1057 3020 inter
1083 2955 1128 3021 et
1157 2958 1251 3020 ante
1288 2937 1483 3021 celluloso
1500 2937 1750 3022 ·vasculosas
1782 2936 2104 3046 pseudo-mem-

555 3081 717 3177 branas,
748 3099 912 3178 quarum
936 3073 1052 3184 supra
1079 3087 1234 3165 mentio
1260 3078 1368 3164 facta
1394 3101 1484 3182 est3
1514 3082 1715 3185 incipiunt
1744 3083 1855 3162 enim
1884 3077 1989 3164 infm
2022 3079 2100 3164 sas·

560 3219 737 3297 ciculum
765 3211 972 3320 vasorum,
1001 3219 1072 3322 qui
1101 3224 1144 3302 in
1174 3217 1382 3327 superiore
1418 3223 1649 3328 speciminis
1676 3241 1790 3328 parte
1828 3221 2101 3330 conspicitur,

548 3355 642 3458 ,sose
681 3353 901 3444 monstrare
939 3367 1183 3466 corpuscula
1233 3369 1450 3454 eminentia
1501 3361 1780 3472 graniformia,
1824 3366 1935 3464 alba,
1973 3367 2099 3449 mbris

557 3502 718 3606 punctis
744 3518 810 3583 aut
843 3503 1084 3609 marginibus
1111 3525 1246 3588 notata
1273 3501 1357 3611 (1),
1387 3529 1490 3612 quae
1520 3505 1736 3588 decurntnt
1768 3527 1898 3608 usque
1932 3506 1985 3588 nd
2021 3531 2103 3592 me-

559 3641 662 3726 diam
690 3663 870 3750 partem,
897 3647 967 3729 ubi
997 3651 1040 3730 in
1059 3666 1141 3732 tres
1170 3645 1290 3732 series
1317 3652 1534 3756 ampliores
1563 3644 1857 3748 extenduntur,
1893 3662 1936 3726 et
1964 3671 2100 3752 granu-

551 3787 691 3865 lomm
722 3783 829 3888 quusi
862 3781 1035 3868 fitndum
1067 3787 1314 3872 constituunt
1341 3793 1546 3890 cavimtis,
1576 3787 1628 3870 de
1655 3811 1733 3893 qua
1763 3785 1945 3900 pendere
1973 3791 2106 3875 eleva·

561 3944 625 4006 tac
650 3943 692 4002 et
712 3923 951 4008 flucttmntes
966 3925 1418 4034 pseudo-membranae,
1435 3932 1607 4016 vasculis
1621 3927 1899 4034 plenissimae,
1913 3927 1983 4011 sed
1997 3933 2101 4016 lanne

561 4083 605 4144 et
635 4059 846 4146 celiulosae
872 4061 1073 4149 videntur.
1241 4073 1248 4093 '
1426 4072 1430 4078 ’

616 4203 701 4288 Hic
735 4207 854 4312 igitur
881 4204 962 4311 jam
994 4211 1131 4301 locum
1168 4215 1292 4300 habet
1328 4214 1588 4324 degeneratio
1625 4220 1746 4322 partis
1780 4217 1983 4319 pulmonis
2008 4239 2097 4322 pro·

554 4349 693 4468 prise,
721 4367 823 4450 quae
852 4343 1011 4434 scilieet
1041 4373 1105 4438 est
1128 4357 1442 4443 inflammatione
1468 4357 1612 4445 affecta
1643 4353 1839 4442 cellulosa
1871 4359 2097 4446 membrana

554 4490 788 4613 pulmonis,
817 4485 886 4572 sub
911 4494 1048 4597 pleura
1073 4502 1299 4603 pulmonali
1330 4503 1412 4595 sita.

600 4779 661 4871 (a)
683 4783 759 4851 vid.
785 4785 868 4856 Tnb.
894 4787 951 4861 Ν.
976 4791 1048 4872 kik„
