4794 6348
430 477 461 498 .,
552 415 1512 522 llas'rtcutut'l'nnrtur.
1652 481 1655 492 ¹
1770 467 1828 556 tl

580 784 1524 898 uxumchro

571 1041 1275 1172 annonas.
1361 1051 1455 1136 xv.
1581 983 1587 994 ’

327 1323 447 1412 Haec
475 1329 611 1414 tabula
636 1329 796 1412 iconem
822 1325 987 1408 exhibet
1021 1325 1264 1434 oesophagi,
1295 1334 1480 1434 quicum
1508 1333 1698 1418 omnibus
1730 1360 1834 1442 par·x

261 1471 405 1577 tibus,
447 1495 548 1578 quae
574 1470 662 1578 ejus
692 1473 882 1554 auteriori
914 1469 1018 1573 parti
1050 1467 1255 1574 adjacent,
1284 1467 1503 1554 firmissime
1532 1491 1615 1556 erat
1649 1498 1814 1560 concre-

254 1623 339 1698 'tus
368 1631 413 1697 et
444 1615 495 1696 ab
521 1613 635 1694 hisce
667 1633 751 1694 non
778 1609 861 1692 stne
885 1612 1131 1694 laceratione
1161 1607 1327 1718 separari
1357 1618 1507 1719 potuit.
1553 1587 1556 1592 ¹

327 1750 710 1890 aEprglottrs
765 1845 782 1874 -.

326 1889 412 1973 bb
442 1881 655 1980 Giandula
675 1858 942 2000 thyrio'idea,
952 1880 1077 1978 vaide
1097 1889 1365 2000 degenerata,
1395 1913 1436 1975 et
1460 1897 1503 1976 in
1524 1915 1634 2003 parte
1662 1901 1816 1985 sinistra

491 2035 679 2144 pseudo·
662 2039 935 2123 membranis
966 2054 1075 2118 tecta
1103 2039 1300 2120 eminens

319 2189 404 2258 cccc
430 2177 624 2286 Superior
649 2179 869 2286 ¹oesophagi
899 2197 940 2261 et
972 2180 1187 2294 pharyngis
1221 2203 1334 2286 pars,
1364 2181 1456 2264 satis
1482 2181 1587 2264 bene
1620 2181 1812 2267 constitu·

308 2431 312 2441 Ι
489 2339 554 2426 ta,
584 2327 630 2406 in
658 2323 811 2406 sinistra
842 2344 940 2406 vero
968 2340 1093 2428 partev
1115 2320 1303 2406 celiulosa
1332 2320 1514 2406 indurata
1545 2328 1708 2406 eminet.

290 2448 295 2454 ’
353 2459 407 2540 dd
433 2459 523 2545 Pars
557 2463 726 2546 lateralis
770 2461 906 2546 dextra
949 2461 1169 2570 oesophagi
1215 2463 1392 2546 indurata
1422 2481 1464 2545 et
1493 2465 1699 2548 tuberibus
1736 2464 1811 2548 du-

406 2691 408 2696 ,
489 2608 542 2688 ris
561 2603 748 2704 obsessa.
1893 2715 1900 2728 ἡ

322 2739 344 2860 J
372 2741 565 2827 dPartes
593 2748 756 2851 pleurae
799 2769 842 2835 et
880 2746 1107 2838 mediastini
1143 2743 1378 2846 induratae,
1419 2746 1613 2829 sinistrant
1651 2763 1805 2852 partem

391 2893 685 2992 tegentes.

350 3049 391 3105 ee
403 3027 583 3184 Similes
608 3029 789 3164 ejusdem
819 3037 942 3138 partis
973 3028 1276 3134 indurationes,
1318 3049 1410 3111 cum
1437 3026 1575 3110 dextra
1608 3025 1802 3132 oesopha·

341 3133 396 3182 ‘'
403 3131 522 3274 g²r
547 3153 661 3310 parte
683 3155 983 3257 c'6nc'retae'.¹'
1021 3167 1028 3198 ⁸

346 3299 401 3410 ff
419 3303 581 3394 Remus
587 3273 772 3396 sinrste'r
776 3314 941 3448 asperae
948 3282 1127 3448 arteriae
1153 3334 1195 3398 et
1227 3337 1315 3422 pars
1345 3314 1573 3420 pulmonis,
1615 3312 1682 3394 hic
1714 3315 1795 3395 loci

477 3449 620 3537 itidem
653 3455 836 3540 indurata
868 3445 946 3540 ’e't
941 3441 1039 3542 dum
1033 3453 1293 3564 oesophago
1319 3467 1528 3536 concreta.

333 3610 393 3692 'gg
421 3591 573 3699 Aspera
601 3600 754 3681 arteria.

333 3727 384 3805 hd
412 3731 503 3816 Pars
530 3732 699 3821 inferior
737 3735 964 3828 mediastini
1001 3755 1043 3820 et
1083 3739 1313 3845 pulmonis,
1353 3757 1445 3816 cum
1483 3728 1712 3836 oesophago
1747 3733 1792 3812 in

465 3881 596 3960 'unam
624 3875 879 3961 substantiam
908 3879 1131 3964 induratam
1156 3893 1361 3961 concreta.

226 4078 229 4089 .
369 4011 386 4091 ἰ
415 4017 571 4100 Arteria
595 4039 705 4102 aorta
733 4019 991 4106 adscendens.
1110 4089 1113 4097 ,

350 4154 382 4233 l
411 4157 637 4241 Subclavia.

366 4293 385 4374 l
411 4298 569 4383 Carotis
596 4285 813 4387 admodum
838 4307 979 4410 ampla.

334 4451 380 4514 an
409 4436 660 4522 branchium
694 4441 888 4528 dextmm.

318 4589 379 4658 sr'rs
407 4581 563 4663 Arteria
594 4601 703 4666 aorta
728 4583 1005 4688 descendens,
1043 4600 1136 4666 cum
1168 4561 1397 4681 oesophago
1431 4573 1551 4678 plane
1589 4582 1779 4652 concreta

461 4738 506 4802 et
532 4719 715 4808 sectione
742 4747 816 4829 per
846 4723 1138 4834 longitudinem
1170 4732 1325 4830 aperta,
1349 4733 1395 4800 ut
1418 4711 1603 4820 dignosci
1629 4710 1765 4820 possit.

1415 4877 1492 4957 ro,
1524 4878 1547 4934 a
