4794 6348
515 483 1490 587 'errareassensisses·
1712 497 1787 620 69?

221 720 536 815 flammatorium
567 713 834 816 monstrabam
879 715 1097 820 praecipue
1112 735 1230 802 ,vero
1274 713 1544 826 pericardium
1586 737 1629 806 et
1678 745 1764 808 me.

223 859 446 954 diastinum
481 861 627 945 affecta
665 858 929 954 videbantur3
955 887 957 892 ·
985 875 1057 936 cor
1096 856 1267 943 liberum
1307 863 1352 944 in
1384 860 1474 945 sero
1513 861 1762 968 fluctuabat,

223 1011 440 1116 pulmones
472 1017 640 1108 aparte
677 996 904 1105 posteriore
940 1016 1013 1101 per
1046 1002 1225 1084 omnium
1255 1002 1440 1086 lohorum
1474 1020 1645 1088 tractum
1670 1022 1765 1090 cum

225 1153 372 1256 pleura
401 1161 646 1244 concretos,
693 1141 821 1222 multo
867 1137 1004 1220 labore
1038 1135 1218 1243 solutos,
1259 1139 1421 1248 sustuli,
1462 1163 1510 1226 ut
1545 1139 1763 1252 oesophagi

225 1285 351 1372 status
381 1288 528 1370 melius
555 1280 771 1364 examinari
804 1276 968 1386 posset,
999 1302 1081 1384 quo
1111 1277 1222 1366 facto
1255 1288 1375 1368 etiam
1401 1307 1472 1367 cor
1496 1283 1665 1388 sustuli3
1692 1305 1762 1390 pe·

227 1427 389 1514 ricardii
433 1449 535 1511 vero
579 1427 847 1530 posteriorem
892 1439 1047 1526 partem
1094 1425 1350 1508 inveniebam
1389 1444 1618 1509 concretam
1659 1422 1761 1508 adeo

230 1594 325 1654 cunr
358 1559 804 1674 subjecto²oesophago
833 1577 875 1642 et
908 1565 1048 1646 arteria
1078 1583 1215 1666 aona,
1257 1582 1303 1648 ut
1328 1568 1448 1650 hasce
1482 1584 1615 1674 partes
1650 1563 1760 1675 sepa-

230 1733 316 1794 mre
344 1730 429 1792 non
457 1702 640 1814 possem;
680 1703 833 1787 resecui
850 1719 1019 1803 'tamem
1049 1718 1243 1807 quantum
1280 1709 1422 1812 potui,
1459 1711 1616 1812 omnia,
1659 1729 1761 1812 quae

229 1871 315 1934 non
337 1871 430 1934 cum
464 1843 673 1932 substantia
716 1840 930 1949 oesophagi
965 1848 1008 1926 in
1037 1866 1163 1928 unum
1195 1867 1343 1953 corpus
1374 1848 1673 1952 confinxerant,
1703 1871 1763 1932 re·

229 1996 325 2078 licta
354 1992 496 2075 arteria
533 2005 641 2070 aorta
673 2003 714 2068 et
747 2004 860 2092 parte
900 1991 1126 2092 posteriore
1175 1987 1386 2095 pericardii
1424 2009 1469 2072 et
1505 1986 1760 2090 mediastini,

230 2133 362 2236 srcquc
394 2133 576 2236 apparuit
612 2127 852 2210 bronchium
883 2127 1085 2211 sinistrum
1122 2133 1368 2215 etiamtum
1403 2129 1644 2239 degenerata
1672 2133 1761 2237 pul-

229 2273 362 2356 monis
394 2288 505 2376 parte
532 2292 627 2352 cum
652 2268 840 2354 morboso
867 2273 964 2353 loco
985 2269 1207 2378 oesophagi
1229 2285 1491 2370 concretuma
1517 2269 1760 2356 bronchium
1817 2273 1823 2366 Ι

228 2409 416 2497 dextrum
451 2413 573 2494 etiarn
604 2407 871 2494 indissolubili
910 2414 1077 2497 vinculo
1120 2437 1214 2496 cum
1258 2411 1489 2520 oesophago
1529 2433 1603 2518 per
1644 2409 1759 2492 fibras

231 2554 342 2657 quasi
374 2548 580 2636 tendineas
618 2553 894 2660 conjunctum
921 2571 1026 2658 erat,
1070 2571 1114 2636 et
1145 2550 1250 2638 infra
1276 2554 1379 2637 hanc
1413 2571 1571 2660 asperae
1597 2553 1761 2636 arteriae

228 2693 464 2778 einnonem
495 2695 609 2800 plaga
643 2697 851 2800 apparuit,
894 2697 1132 2779 membranis
1164 2696 1301 2780 crassis
1329 2691 1521 2778 induratis
1548 2687 1756 2795 constans,

228 2834 468 2943 regensipsr
498 2832 723 2940 subjectum
755 2835 1180 2941 durisfimum.corpus
1214 2833 1444 2941 oesophagi.

279 2978 471 3082 Asperum
494 2978 695 3079 arteriam,
718 2974 884 3061 resectis
906 2981 1193 3084 integumentis
1212 2995 1254 3060 et
1271 2980 1464 3062 muscosis
1484 2976 1616 3077 colli,
1641 2993 1756 3080 prae·

214 3121 352 3226 'paravi
400 3139 565 3222 eamque
610 3120 749 3200 inveni
786 3124 830 3202 in
874 3123 1071 3203 anteriore
1127 3116 1341 3226 superficie
1389 3133 1538 3200 tectam
1582 3110 1757 3220 pseudo·

210 3259 491 3362 membranis,
525 3281 627 3362 quae
659 3255 862 3366 segmenta
899 3264 1154 3366 cartilaginea
1183 3260 1257 3345 sub
1290 3255 1617 3362 recondebant,
1661 3253 1757 3342 dum

216 3401 306 3506 cjus
340 3423 430 3508 pars
467 3406 672 3506 posterior
707 3423 800 3484 cunr
839 3400 1072 3510 oesophago
1107 3399 1273 3485 firmiter
1314 3419 1398 3483 erat
1434 3397 1653 3505 coniuncta
1675 3417 1755 3501 ope

208 3543 329 3624 'telae
352 3538 564 3624 cellulosae
587 3537 736 3626 crassae
764 3559 808 3624 et
831 3541 1127 3648 quodammodo
1159 3525 1378 3626 indumtae'
1437 3537 1635 3622 Glandula
1660 3539 1754 3642 thy·

209 3679 378 3766 rioidea
411 3685 624 3765 naturalem
649 3679 821 3768 formam
853 3683 1056 3786 amiserat,
1090 3699 1178 3765 erat
1206 3679 1326 3764 solito
1354 3682 1484 3780 multo
1512 3675 1662 3783 major,
1692 3677 1753 3758 in·

208 3825 428 3926 aequalem
460 3820 688 3908 admodum
738 3825 906 3909 habebat
954 3821 1237 3932 superficiem,
1302 3840 1345 3906 et
1392 3821 1529 3904 multis
1580 3812 1752 3924 pseudo·

213 3959 463 4048 'membranis
498 3983 581 4048 erat
607 3983 729 4050 tecta.

275 4101 360 4185 Etsi
399 4103 478 4210 Jam
517 4102 608 4187 satis
649 4105 852 4193 causarum
891 4106 976 4190 sese
1013 4112 1236 4213 obtulerat,
1280 4097 1426 4210 quibus
1468 4101 1751 4187 atrocissimum

210 4245 404 4327 nnorbum
440 4263 484 4326 et
514 4249 707 4330 lethalem
739 4248 828 4354 ejus
864 4249 987 4334 finem
1014 4251 1195 4333 tribucre
1231 4245 1423 4351 possem,
1463 4245 1576 4328 volui
1614 4260 1752 4323 tamen

211 4387 340 4468 »etiam
376 4385 484 4468 illam
523 4405 675 4492 partem
710 4392 963 4494 examinare,
1015 4393 1082 4474 cui
1118 4395 1286 4499 primam
1323 4389 1407 4470 vim
1439 4384 1628 4466 intulerat
1660 4383 1748 4464 leti·

221 4525 280 4608 ser
314 4527 468 4626 hostis;
522 4533 644 4634 iginus
685 4533 957 4640 oesophagum
993 4529 1295 4641 prudentissrme
1333 4548 1357 4608 a
1388 4522 1627 4632 corporibus
1660 4545 1751 4606 ver·

219 4666 417 4749 tebrarum
459 4671 634 4752 conabar
667 4669 847 4781 solvere,
874 4693 919 4760 et
938 4674 1025 4761 'hoc
1059 4671 1169 4758 sacto
1195 4675 1396 4780 integrum
1422 4664 1563 4753 sustuli
1593 4667 1749 4750 inveni·

207 4809 531 4910 normanniam
553 4809 640 4917 eius
663 4834 823 4921 partem
846 4839 1004 4926 praeter
1029 4811 1198 4904 modum
1218 4807 1407 4915 mosam,
1425 4807 1634 4894 volumine
1656 4829 1748 4893 auc·

1469 4969 1521 5036 ro
