4774 6340
617 489 699 570 .30
795 451 2047 547 resnounarrantes-Paraetonrcannn

645 706 697 766 va
729 683 939 768 tubercula
970 677 1144 788 dispersa
1173 694 1312 774 erant;
1346 691 1521 761 attamen
1547 672 1682 760 libera
1707 673 1807 762 inec
1840 693 1952 781 erat,
1993 699 2071 766 nec
2102 684 2187 774 ulla

642 819 886 906 monstrabat
923 820 1245 904 inflammationis
1289 815 1396 922 figna
1439 831 1507 900 aut
1553 818 1832 900 concretionis
1878 838 1973 902 cum
2011 820 2184 928 plenta,

641 983 743 1064 quae
770 959 913 1042 itidem
951 957 1044 1042 sana
1071 956 1309 1056 videbatur;
1337 959 1383 1038 in
1407 951 1546 1040 dextra
1575 979 1675 1040 vero
1708 962 1882 1042 cavitate
1902 981 2043 1066 magna
2066 967 2186 1072 copia

645 1100 718 1182 seri
738 1099 918 1207 praesens
941 1120 1054 1202 erat,
1078 1121 1162 1182 non
1182 1100 1304 1182 malae
1332 1093 1501 1198 indolis,
1528 1095 1599 1180 sed
1623 1098 1845 1202 purisstmi,
1863 1097 2184 1207 ottinsanguina

643 1260 752 1322 entra
779 1265 948 1347 corpus,
977 1239 1200 1324 secessione
1222 1219 1438 1345 spontanea
1459 1261 1482 1318 a
1506 1259 1673 1339 eruore,
1698 1235 1740 1318 le
1767 1235 1972 1326 monstrat.

698 1384 840 1466 Pulmo
876 1405 975 1466 vero
1003 1380 1148 1466 dexter
1175 1403 1358 1485 magnam
1387 1403 1411 1460 a
1440 1376 1542 1462 statu
1569 1380 1736 1462 naturali
1769 1382 2038 1469 mutationem
2072 1382 2185 1467 exhi·

639 1526 784 1622 bebat,
815 1525 1039 1606 nullatenus
1075 1522 1256 1627 replebat
1289 1525 1503 1604 cavitatem
1537 1520 1738 1623 thoracis,
1761 1525 1807 1608 in
1838 1544 1920 1627 quo
1943 1515 2039 1609 satus
2073 1543 2180 1628 erat,

638 1665 704 1747 led
726 1672 770 1750 in
796 1670 926 1752 minus
947 1668 1143 1748 volumen
1165 1679 1396 1744 contractus
1420 1660 1656 1764 videbatur;
1692 1668 1737 1748 in
1756 1659 1962 1768 superiore
1989 1663 2088 1748 lobo
2112 1685 2182 1748 ex·

638 1824 750 1886 terna
781 1806 1012 1888 membrana
1038 1827 1133 1884 cum
1158 1805 1295 1907 pleura
1329 1801 1599 1907 cohaerebat,
1629 1807 1726 1889 licet
1754 1824 1839 1890 non
1862 1802 2080 1888 admodum
2115 1802 2180 1888 fir·

638 1969 728 2045 me;
773 1961 955 2028 exemtus
989 1965 1089 2028 vero
1133 1946 1301 2049 pulmo,
1347 1942 1406 2026 uti
1445 1946 1490 2028 in
1524 1945 1599 2028 hac
1631 1945 1764 2028 tabula
1798 1942 1841 2028 se
1875 1941 2091 2047 monstrat,
2137 1965 2181 2029 et

639 2083 893 2193 praegressae
925 2085 1246 2169 inflammationis
1282 2105 1323 2168 et
1355 2087 1627 2170 concretionis
1663 2109 1756 2170 cum
1790 2087 1952 2193 pleurae
1975 2085 2179 2194 superiore

639 2229 755 2334 hujus
776 2231 959 2312 cavitatis
984 2246 1097 2335 parte
1120 2245 1234 2309 notas
1252 2227 1491 2330 exhibebat,
1520 2249 1592 2333 per
1613 2223 2061 2333 pseudomembranas,
2090 2233 2180 2333 qui·

640 2375 714 2452 bus
758 2387 822 2452 cst
860 2366 1043 2469 obsessa;
1084 2366 1241 2451 medius
1273 2392 1375 2453 vero
1412 2369 1531 2453 lobus
1569 2366 1721 2454 scirrho
1757 2369 1964 2454 induratus
2001 2389 2044 2452 et
2082 2391 2179 2452 con·

637 2533 785 2596 tractus
816 2528 904 2615 est,
946 2513 1000 2592 ita
1032 2527 1078 2595 ut
1112 2511 1345 2618 sangularem
1384 2509 1548 2617 figuram
1587 2511 1839 2616 acquisiverit
1867 2528 1910 2591 et
1941 2512 1985 2591 in
2017 2509 2174 2615 apicem

636 2651 876 2736 tendineum
912 2648 1104 2734 inferiora
1142 2653 1279 2736 versus
1319 2655 1462 2758 abeat,
1507 2676 1584 2757 qua
1624 2676 1717 2736 cum
1752 2649 1944 2736 inferiore
1985 2652 2084 2734 lobo
2114 2649 2179 2734 fir·

636 2802 754 2880 miter
786 2796 1056 2876 eonnectitur.
1124 2791 1300 2879 Inferior
1332 2797 1448 2878 lobus
1485 2797 1609 2877 etiam
1644 2791 1847 2876 induratus
1869 2789 2105 2894 videbatur,
2133 2809 2180 2872 et

635 2941 680 3018 in
709 2953 875 3018 externa
915 2931 1129 3039 superficie
1163 2938 1328 3021 cellulas
1365 2936 1597 3039 inaequales
1631 2931 1755 3014 habet
1784 2931 1951 3037 majores
1984 2937 2180 3018 minores-

637 3099 745 3178 que,
788 3094 889 3177 quae
925 3069 1090 3174 quidem
1124 3077 1255 3178 ptimo
1295 3077 1447 3158 intuitu
1485 3057 1708 3180 praegressa
1744 3073 2063 3158 inflammatione
2088 3094 2181 3179 pro·

637 3216 779 3296 ductae
808 3209 933 3294 fuisse
963 3207 1180 3315 videntur,
1211 3211 1282 3294 scd
1313 3237 1405 3296 cum
1437 3209 1520 3318 ipsa
1555 3237 1717 3319 quoque
1743 3214 1863 3320 htq'us
1893 3214 1978 3296 lobi
2009 3212 2180 3302 substan·

638 3363 693 3439 tia
728 3361 771 3440 in
794 3350 1029 3437 scinhosam
1064 3351 1358 3437 indurationem
1392 3355 1598 3459 abierunt,
1654 3359 1710 3438 ita
1745 3371 1791 3438 ut
1828 3370 1913 3436 tota
1944 3352 2175 3461 superficies

635 3498 754 3600 htq'us
793 3497 995 3601 pulmonis
1030 3497 1294 3577 membranam
1327 3495 1471 3576 habeat
1506 3493 1727 3578 induratam
1764 3513 1806 3578 et
1844 3495 2019 3580 crassitie
2060 3496 2178 3582 valde

634 3660 799 3722 auctam.
844 3638 1042 3721 Cetentm
1065 3654 1175 3722 totus
1207 3642 1347 3745 pulmo
1388 3635 1648 3743 degeneratus
1676 3655 1720 3720 et
1745 3639 1854 3721 mole
1877 3638 2084 3744 insrgniter
2106 3643 2180 3722 mi·

635 3795 756 3860 nanus
787 3796 892 3881 erat,
926 3781 983 3861 ita
1018 3797 1065 3860 ut
1099 3782 1316 3860 cavitatem
1342 3777 1449 3862 suam
1475 3799 1722 3884 nequaquam
1752 3782 1952 3884 repleret,
1993 3776 2064 3861 sed
2093 3779 2180 3885 ejus

637 3917 871 4000 inferiorem
890 3937 1056 4028 partem
1079 3922 1196 4025 plane
1222 3943 1390 4004 vacuam
1408 3921 1656 4024 invenirem,
1681 3937 1897 4028 postquam
1920 3916 2051 4004 serum
2073 3917 2176 4004 effu·

634 4056 720 4143 sum
748 4055 855 4141 esset
884 4057 1092 4144 sublatum.

693 4197 806 4310 Quid
848 4201 891 4280 in
934 4202 1052 4304 initio
1099 4202 1214 4309 hujus
1257 4209 1388 4294 morbi
1431 4203 1711 4316 praestandum
1763 4202 1940 4307 fuisset,
1992 4223 2075 4288 nen
2122 4201 2179 4285 sa-

633 4345 688 4425 tis
731 4344 888 4446 liquet,
936 4337 1045 4424 forte
1090 4361 1227 4427 tamen
1273 4351 1399 4454 magis
1440 4351 1579 4444 valens
1610 4349 1842 4432 curationis
1883 4348 1985 4428 ratio
2024 4339 2175 4426 institui

634 4480 855 4586 potuisset,
912 4482 942 4564 st
981 4478 1108 4566 statim
1143 4489 1263 4592 periti
1298 4489 1463 4574 medici
1484 4488 1691 4574 confilium
1726 4483 1912 4594 petiisset
1941 4485 2176 4574 Pharmaco·

635 4641 791 4734 pocus,
842 4620 1093 4730 degeneratio
1134 4651 1236 4712 vero
1279 4632 1396 4742 hujus
1431 4634 1634 4740 pulmonis
1677 4629 1778 4718 mihi
1827 4625 1928 4714 adeo
1973 4626 2177 4734 inmunis
