4774 6330
616 451 671 514 ao
766 429 1004 510 lcouuu
1045 401 2027 516 Anauonaco-Pasuouoorcauuu

755 923 2018 1044 Pluvlro-PJMIPNEUMOMA..

1047 1283 1726 1388 Tauuuarm

664 1685 759 1852 Sic
790 1773 910 1876 igitur
944 1775 987 1853 i'n
1012 1771 1084 1850 bac
1124 1773 1243 1850 icone
1270 1781 1404 1870 patet,
1435 1737 1582 1868 quanta¹
1605 1762 1813 1870 diligentia
1838 1749 1994 1848 Natura
2015 1759 2149 1850 utatur

607 1915 729 1994 etiam
754 1915 796 1993 in
816 1909 917 1993 statu
940 1909 1127 1993 morboso
1163 1907 1214 1988 ad
1235 1905 1277 1987 id
1304 1905 1590 2010 reparandum,
1621 1907 1731 2012 quod
1753 1911 1794 1990 vi
1819 1904 1980 1990 actuosa
2004 1905 2157 2010 depes-

606 2049 762 2151 ditum,
795 2052 862 2130 vel
885 2047 1025 2130 astatu
1055 2049 1149 2130 sano
1186 2049 1366 2130 aberrans
1402 2046 1552 2131 factum
1578 2033 1726 2150 suerit,
1756 2055 1811 2134 ita
1839 2039 1886 2130 ut
1906 2072 2059 2130 novum
2086 2073 2152 2154 np-

603 2209 782 2294 paratum
814 2196 1043 2296 organicum
1073 2188 1295 2296 producat,
1337 2191 1408 2271 ubi
1443 2193 1631 2272 normalis
1669 2197 1918 2297 organismus
1951 2189 2053 2270 adeo
2091 2193 2147 2270 vi-

601 2331 721 2412 tiatus
751 2349 837 2431 est,
869 2348 914 2412 ut
942 2336 984 2414 in
1014 2329 1238 2435 srmplicem
1273 2335 1516 2436 primaevam
1542 2329 1713 2413 sormam
1741 2355 1825 2415 non
1854 2334 2024 2438 amplius
2053 2357 2144 2436 pos-

604 2473 653 2554 srt
682 2472 834 2557 reduci.
865 2474 939 2555 Per
964 2496 1128 2555 omnem
1151 2476 1261 2556 enim
1290 2473 1405 2578 hujus
1427 2476 1550 2580 partis
1583 2475 1807 2578 pulmonis,
1837 2473 2146 2557 inflammatione

603 2613 794 2718 affectae,
823 2612 1078 2721 superficiem
1105 2617 1425 2718 contemplamur
1452 2612 1649 2718 insrgnes,
1675 2637 1748 2719 per
1770 2611 2065 2696 transudatione
2087 2609 2145 2692 ef-

601 2753 727 2838 fusam
751 2760 958 2862 lympham
977 2753 1176 2860 sanguinis
1205 2745 1442 2862 plasticam,
1465 2753 1655 2836 ·sormatas
1682 2754 1834 2862 pseudo
1848 2757 2144 2850 --membranas;

601 2897 677 2980 hae
714 2917 847 2982 autem
882 2916 1042 2981 naturae
1077 2893 1260 2980 actuosae
1304 2915 1345 2978 et
1385 2897 1693 3003 reproductivae
1732 2895 1888 2980 viribus
1922 2893 2142 3000 productae

602 3055 734 3142 partes
772 3045 816 3118 in
859 3040 939 3120 hoc
978 3037 1198 3142 specimine
1238 3061 1324 3120 non
1362 3043 1533 3144 amplius
1576 3036 2028 3144 pseudo-membranae
2063 3060 2144 3116 me-

603 3197 741 3260 rentur
769 3181 962 3284 appellari
977 3239 997 3281 ,Δ
1020 3176 1090 3259 sed
1113 3179 1215 3260 adeo
1235 3177 1486 3263 artificiosam
1506 3177 1699 3264 fabricam
1720 3178 1802 3284 jnm
1826 3177 2141 3281 acquisrvemnt,

601 3334 648 3400 ut
683 3341 778 3400 cum
808 3321 914 3400 veris
951 3318 1192 3402 membranis
1231 3344 1316 3402 non
1353 3339 1508 3404 tantum
1542 3323 1761 3428 comparari
1791 3320 1968 3427 possint,
1996 3342 2139 3403 ventm

601 3463 723 3543 etiam
754 3483 847 3543 cum
879 3464 967 3546 aliis
1007 3460 1186 3566 partibus
1208 3467 1408 3570 organicis
1439 3461 1489 3545 de
1521 3461 1677 3545 artificii
1703 3432 2012 3568 pulchritudinis
2034 3482 2157 3566 prae--

601 3599 745 3688 stantia
775 3621 928 3688 certare
960 3601 1187 3688 videantur.

660 3745 994 3850 Contemplemur
1032 3747 1135 3830 hanc
1174 3765 1333 3855 partem
1371 3749 1605 3854 diligentius
1631 3771 1704 3854 per
1729 3768 1872 3830 omnes
1900 3750 2145 3846 varietates,

602 3909 697 3990 quas
724 3888 792 3967 hic
821 3883 1082 3968 offendimus.
1127 3885 1178 3968 ln
1207 3882 1411 3992 superiore
1443 3908 1557 3994 parte
1590 3906 1755 3997 apparet
1778 3887 2007 3972 membrana
2044 3913 2144 3970 cras-

603 4029 707 4130 stor,
738 4050 817 4132 qua
840 4048 935 4109 cum
961 4031 1101 4134 pleura
1131 4029 1308 4112 cohaesrt
1334 4035 1502 4138 pulm0,
1542 4033 1583 4112 in
1611 4053 1688 4136 qua
1724 4027 2050 4112 distributionem
2083 4051 2144 4107 re-

600 4191 695 4250 eens
726 4164 989 4250 formatorum
1025 4166 1210 4253 vasomm
1241 4172 1436 4285 majorum
1466 4191 1509 4255 et
1534 4175 1730 4255 minomm
1759 4169 2056 4276 conspicimus,
2088 4174 2145 4253 ita

601 4331 646 4392 ut
678 4310 929 4392 membranae
955 4306 1178 4394 sanissrmae
1202 4314 1381 4398 habitum
1412 4334 1453 4396 et
1477 4317 1657 4396 colorem
1682 4315 1782 4396 haec
1810 4336 1897 4417 pars
1918 4309 1999 4416 jam
2024 4307 2145 4414 adep-

600 4469 639 4532 ta
669 4447 793 4533 fuerit
821 4445 901 4551 (1);
929 4449 979 4534 ad
1008 4458 1225 4560 marginem
1256 4481 1356 4541 vero
1393 4456 1480 4564 ejus
1518 4455 1757 4540 inferiorem
1789 4455 1896 4540 flavo
1928 4456 2069 4536 colore
2099 4449 2148 4532 se

640 4733 702 4815 (1)
722 4731 801 4800 Vid.
826 4733 914 4802 Tab.
936 4735 994 4802 lv.
1017 4759 1077 4805 aa.
