4774 6330
647 455 1537 544 FaecreotnsPnrmua
1605 445 1690 522 st·
1779 483 1870 567 ·§

334 693 392 794 gir
419 693 603 766 accurate
630 678 681 762 de
710 702 759 761 ea
788 681 871 784 egit
897 678 964 762 Cl.
992 675 1178 784 Vogel
1206 672 1288 781 (ι),
1316 679 1377 761 uti
1403 695 1445 760 et
1464 673 1509 760 H
1522 672 1587 760 uf
1596 677 1766 762 eland
1795 676 1867 772 (2).

334 825 497 910 Plenius
545 826 687 905 iterum
728 819 787 904 D.
824 819 871 904 F.
910 817 961 902 L.
1013 815 1258 926 Kreysig
1298 814 1399 921 (a),·
1447 822 1501 902 ita
1545 836 1590 902 ut
1635 839 1744 903 recte
1789 822 1868 926 jam

330 959 534 1073 scripserit
568 961 633 1046 ct
674 959 730 1042 G.
769 981 878 1044 van
915 957 1249 1064 Doeveren,
1296 942 1538 1045 falsrsfimam
1567 960 1654 1044 esse
1683 981 1869 1072 veterum

330 1104 593 1202 sententiam,
639 1100 881 1184 aPlinio
917 1097 1119 1201 traditam,
1159 1121 1228 1180 cor
1251 1097 1381 1207 stilum
1410 1123 1488 1209 noa
1520 1101 1717 1186 macerari
1754 1103 1866 1189 visce-

328 1269 418 1326 rum
454 1240 583 1346 vitiis,
613 1263 681 1322 nec
695 1236 892 1348 supplicia
917 1237 1019 1322 ritae
1045 1237 1215 1338 trabere.
1247 1237 1311 1324 (4)
1497 1220 1500 1226 ¹

382 1385 494 1470 Mihi
521 1385 690 1488 aliisque
721 1381 891 1467 medicis
924 1383 992 1464 hic
1035 1383 1198 1465 morbus
1233 1385 1331 1491 plue
1364 1383 1745 1488 semel,observatus
1781 1408 1866 1489 est;

328 1536 424 1614 imo-
447 1549 547 1612 vero
579 1549 685 1607 anno
717 1547 940 1609 mntccxtv
974 1522 1201 1630 epidemice
1242 1522 1404 1630 grassata
1441 1530 1541 1611 haec
1573 1527 1731 1612 carditis
1761 1527 1864 1633 fuit,

327 1677 370 1755 in
404 1664 614 1752 obsidione
649 1661 797 1747 castelli
835 1663 1107 1772 Delfzyl,
1152 1669 1213 1748 uti
1249 1691 1344 1751 eum
1373 1675 1533 1776 egregie
1560 1667 1768 1778 descripsit
1793 1665 1866 1750 Ver

326 1805 583 1913 Dectirstmus.
609 1810 665 1892 C.
690 1806 746 1890 U.
780 1809 821 1918 J.
846 1805 1037 1892 Huber
1064 1777 1155 1910 (sir
1200 1812 1241 1890 in
1280 1833 1357 1914 qua
1395 1809 1676 1894 dissertatione
1703 1813 1863 1912 omnia,

326 1974 426 2058 quae
459 1948 510 2035 ad
545 1951 753 2035 historiam
779 1951 993 2032 literariam
1021 1948 1140 2054 hujus
1165 1950 1302 2036 morbi
1330 1955 1563 2060 pertinent,
1590 1951 1739 2036 summa
1772 1976 1865 2036 cum
1955 1981 1958 1990 ¹

327 2089 538 2202 diligentia
569 2109 763 2198 congesta
785 2095 1058 2176 inveniuntur.
1081 2084 1149 2174 (⁶)

383 2239 480 2347 Quo
511 2232 561 2316 ad
597 2232 881 2339 symptomata,
911 2235 1103 2316 nonnulla
1129 2231 1352 2318 constanter
1374 2239 1422 2319 in
1448 2237 1636 2320 omnibus
1669 2244 1864 2344 aegrotis,

327 2375 521 2462 earditide
539 2373 717 2480 affectis,
748 2373 1032 2478 observantur,
1056 2378 1114 2458 uti
1133 2375 1269 2482 pulsus
1293 2380 1476 2462 celeritas
1493 2381 1536 2460 in
1552 2380 1693 2478 initi03
1722 2381 1865 2482 inpro-

319 2514 460 2624 gressu
487 2537 584 2598 vero
611 2519 894 2622 inaequaliter,
924 2523 1124 2621 anxietas,
1153 2517 1276 2605 faciei
1302 2541 1434 2604 tumor
1468 2540 1510 2602 et
1551 2521 1664 2602 color
1690 2519 1863 2624 lividus,

322 2660 406 2742 ittis
435 2657 578 2742 ardens
606 2679 649 2742 et
674 2659 727 2742 irc
765 2681 887 2767 porro
903 2687 917 2763 ;
936 2663 1160 2746 aliaminus
1191 2659 1416 2744 constanter
1447 2679 1662 2777 apparent,
1694 2662 1754 2744 uti
1786 2681 1866 2744 tus-

324 2801 401 2902 sis,
433 2799 549 2882 dolor
578 2800 799 2884 vehemens
835 2803 876 2882 in
907 2806 1166 2907 respiratione
1177 2865 1196 2906 ,.
1221 2805 1523 2909 lipothymiae;
1549 2805 1706 2908 aliaque
1742 2807 1866 2886 multa

326 2946 478 3026 variant
506 2947 549 3026 in
579 2941 743 3026 diversis
781 2947 981 3049 aegrotis,
1011 2968 1087 3050 pro
1117 2942 1272 3028 diversa
1305 2937 1596 3024 constitutione
1621 2961 1665 3024 et
1699 2940 1865 3028 diversis
1985 2949 1991 2956 '

273 3181 275 3188 ,
328 3084 451 3170 eausts
479 3077 560 3184 (7)';
590 3103 689 3188 qno·
710 3085 830 3167 etiarn
865 3081 1135 3189 factumest,
1165 3105 1211 3168 ut
1239 3084 1476 3169 cadaverum
1490 3099 1688 3189 ,apertura
1714 3083 1866 3168 diversa

326 3228 611 3334 phoenomena
642 3226 868 3330 obtulerim
890 3231 976 3312 imo
1009 3250 1091 3332 qtto
1118 3226 1168 3310 ad
1201 3226 1335 3342 cordio
1366 3224 1485 3331 ipsius
1517 3227 1712 3306 volumen
1741 3230 1865 3308 maxi·

326 3393 431 3452 mam
469 3365 742 3451 diversitatem
776 3386 953 3452 notatam
984 3373 1249 3454 inveniamus.
1303 3368 1369 3452 Cl.
1406 3391 1511 3452 van
1550 3366 1866 3452 Doeveren

326 3512 487 3596 invenit
516 3510 560 3590 in
599 3504 713 3589 sacto
751 3512 885 3615 amplo
917 3511 1163 3616 pericardii,
1189 3510 1340 3593 dinibus
1374 3509 1485 3592 libris
1526 3507 1706 3590 humoris
1752 3507 1867 3590 serosr

327 3655 451 3736 multa
484 3651 644 3732 materia
667 3651 883 3754 purulenta
912 3652 1096 3756 repleto,
1128 3674 1200 3742 cor
1230 3673 1421 3755 parvum,
1450 3642 1746 3758 compressum,
1774 3649 1864 3732 flae-

326 3795 486 3897 cidon,
529 3791 640 3875 dicto
666 3793 824 3876 humori
849 3796 1052 3899 innatans,
1099 3795 1282 3900 quamvis
1313 3792 1357 3870 in
1388 3791 1500 3875 omni
1540 3787 1628 3894 ejus
1656 3785 1872 3894 superficie.

387 4096 422 4178 r)
444 4094 546 4162 conf.
569 4093 728 4162 Manuale
753 4094 894 4160 Praxeas
921 4093 1089 4175 Medione,
1114 4093 1197 4161 Tom
1218 4095 1273 4164 [V.
1296 4118 1330 4180 p.
1360 4101 1445 4182 256„

387 4211 424 4292 a)
445 4211 545 4278 Cotti.
570 4211 725 4278 Diarium
755 4210 844 4276 Anni
869 4229 1086 4278 mocccxvttt
1110 4217 1209 4283 mense
1237 4213 1411 4280 Novembr.

391 4324 426 4408 3)
447 4324 511 4390 Die
531 4325 749 4392 Kraakher'ten
772 4324 823 4392 des
844 4325 1013 4406 Herum,
1035 4327 1119 4392 Tom
1141 4327 1181 4394 11.
1204 4345 1277 4411 pag.
1299 4333 1341 4411 ⁶7
1357 4343 1388 4394 et
1407 4326 1492 4409 l'eqq.

382 4440 422 4525 4)
444 4440 544 4508 Conf.
569 4439 804 4522 Observationes
830 4439 1056 4524 Acadentieae,
1079 4443 1161 4528 Cap.
1181 4444 1240 4509 IV.
1263 4460 1335 4526 pag.
1354 4446 1396 4526 69
1416 4440 1531 4520 etseq.

366 4555 426 4640 (5)
446 4553 547 4622 Cotti.
571 4554 767 4635 Dissertatio
780 4557 911 4624 Medica
937 4557 1148 4646 Inaugrrralt's
1168 4559 1292 4649 poblite
1315 4555 1447 4643 defensa.
1466 4557 1669 4642 Groairrgan.

366 4671 426 4756 (6)
448 4671 548 4740 Conf.
571 4675 594 4739 l.
609 4664 638 4739 l.
657 4693 691 4757 p.
714 4695 755 4754 e,
778 4695 821 4759 3,
844 4698 866 4757 4
886 4691 917 4742 et
941 4694 973 4766 5.-

366 4785 424 4870 (Ζ)
446 4785 551 4856 C⁰ssf·-
569 4789 592 4856 l·
613 4787 635 4855 l·
656 4807 729 4877 pag.
750 4809 811 4873 ια,
836 4810 896 4877 ι3,,
926 4811 964 4876 14
980 4808 1010 4860 et
1030 4788 1125 4878 sequ..
1218 4805 1222 4812 ·

364 4097 381 4178 (

366 4212 383 4294 i

369 4327 386 4408 (

364 4441 380 4524 i
