4774 6330
628 475 1542 576 Frscrcunusorrrrnr..
1797 513 1842 597 og

603 943 1541 1114 axonlonaio

709 1351 1426 1442 TABULA'E·I'.

357 1743 440 1826 Cor
462 1767 555 1828 curn
576 1745 822 1852 pentadio,
842 1749 1076 1832 vehementi
1104 1749 1416 1834 inflammatione
1438 1749 1651 1853 affectam,
1680 1775 1711 1832 a,
1726 1769 1836 1858 parte

302 1888 498 1991 anteriore
525 1886 805 1996 conspicuum.
860 1968 862 1974 ,
1734 1897 1737 1904 ’

356 2041 486 2104 aaaaa
522 2027 762 2134 superficies
782 2036 959 2118 anterior
978 2037 1294 2120 ventriculorum
1311 2060 1377 2140 ,a
1390 2059 1466 2141 qua
1491 2034 1757 2142 pericardium
1779 2033 1837 2116 se-

525 2190 701 2274 paratum
732 2195 819 2279 est,
848 2174 1286 2284 pseudo-membranis
1316 2178 1466 2282 ubique
1496 2173 1713 2270 obsessam.

381 2304 479 2386 bbdb
519 2309 610 2394 Pars
641 2313 759 2420 hujus
795 2314 1041 2422 superficiei,
1091 2323 1134 2400 in
1168 2341 1244 2424 qua
1274 2317 1541 2425 pericardium
1578 2314 1747 2400 deficere
1778 2321 1838 2398 vi-

523 2451 668 2560 detur,
694 2474 736 2537 et
775 2481 876 2562 quae
902 2461 954 2540 ita
984 2461 1033 2540 ab
1066 2479 1180 2542 acuta
1213 2437 1527 2546 inflammatione
1550 2461 1694 2559 iibera
1720 2481 1837 2562 appa-

527 2614 609 2698 ret,
639 2597 800 2682 videtur
819 2600 1084 2684 membranam
1104 2604 1293 2684 extimam
1314 2598 1446 2718 eordis
1473 2596 1746 2698 constituore3
1771 2593 1840 2678 sed

523 2738 624 2819 haec
652 2745 819 2824 omnino
852 2740 954 2826 dura
977 2761 1018 2824 et
1047 2741 1132 2825 fere
1166 2743 1418 2846 cartilaginea
1448 2755 1581 2822 estet
1609 2761 1704 2820 cum
1730 2735 1837 2820 fibris

520 2877 653 2964 cordis
676 2900 720 2962 et
747 2881 938 2968 vasorum¹
960 2885 1153 2990 majorum
1179 2882 1397 2990 originibus
1423 2879 1527 2964 adeo
1552 2875 1721 2962 firmiter
1741 2903 1838 2960 con-

526 3001 664 3123 creta,
693 3044 738 3106 ut
759 3023 916 3130 prorsus
943 3027 1071 3144 abhis
1091 3024 1258 3144 separari
1283 3046 1371 3112 oon
1392 3024 1594 3128 potuerim
1624 3015 1694 3100 sed
1717 3041 1836 3100 unam

521 3188 615 3248 cum
651 3167 714 3250 his
743 3166 920 3270 partibus
948 3163 1200 3251 substantiam
1227 3162 1473 3248 constituere
1505 3159 1702 3248 videatur.
1812 3154 1815 3160 “
1957 3251 1961 3260 ,

439 3326 481 3384 cc
522 3307 651 3412 Origo
681 3306 865 3391 vasorum
888 3309 1106 3415 majorum,
1135 3311 1257 3392 etiam
1276 3310 1382 3390 inter
1405 3304 1447 3387 se
1475 3320 1638 3387 etcum
1665 3305 1837 3408 pericar-

522 3446 591 3530 dio
617 3466 915 3533 concretorum.

378 3589 489 3670 dddd
522 3591 657 3674 Partes
687 3591 901 3698 pericardii
922 3593 1112 3678 crassrtiei
1136 3591 1301 3697 insignis
1324 3585 1623 3704 dependentes,
1640 3584 1840 3688 separatae

523 3753 545 3810 a
569 3727 781 3836 superficie
808 3733 965 3820 cordia..
1310 3831 1316 3840 ι

467 3894 487 3950 e
524 3873 737 3956 Auriculae
757 3873 919 3961 dextrae
938 3878 1072 3962 cordis
1094 3903 1206 3984 pars,
1236 3880 1356 3960 etiam
1378 3873 1485 3980 srgna
1513 3864 1836 3955 inflammationis

524 4014 747 4120 exhibens,
778 4020 871 4124 quia
902 4035 987 4101 tota
1017 3997 1448 4127 pseudo-membranis
1478 4029 1588 4096 tecta
1620 4027 1694 4092 est.
