4774 6330
569 425 1098 534 ‚laterculus
1152 422 1469 514 Paratur.
1599 509 1601 514 ,
1759 445 1812 532 25

518 923 926 1038 VOMICA
983 924 1572 1020 Puamouvls.

719 1289 1226 1378 TABULA
1307 1294 1362 1378 V.

320 1713 511 1878 Longe
541 1773 613 1857 alia
641 1775 794 1856 ratione
824 1770 993 1857 affectus
1018 1773 1158 1879 pulmo
1183 1767 1263 1858 fuit
1295 1779 1339 1860 in
1363 1759 1497 1882 altero
1517 1775 1630 1880 casu,
1645 1753 1703 1861 in
1726 1799 1832 1886 quo·

261 1929 379 1998 certe
405 1913 665 1998 inflammatio
700 1911 820 2017 ipsius
856 1909 1088 1996 substantiae
1117 1917 1321 2019 pulmonis
1356 1920 1484 2001 multo
1522 1919 1805 2004 vehementior

264 2061 410 2142 locum
443 2054 628 2141 habuisse
656 2054 843 2156 videtur,
887 2079 1007 2160 quam
1039 2059 1083 2140 in
1110 2069 1274 2140 externa
1301 2057 1389 2164 ejus
1415 2060 1663 2162 membrana,
1706 2082 1806 2164 quae

260 2197 436 2303 quidem
471 2199 792 2283 inflammationis
826 2199 950 2281 etiam
990 2216 1034 2281 et
1072 2201 1347 2285 concretionis
1382 2223 1455 2307 per
1489 2205 1603 2286 leves
1637 2201 1807 2308 pseudo·

261 2342 517 2426 membranas
547 2340 654 2450 figna
682 2337 872 2443 exhibet,
909 2363 993 2422 non
1033 2359 1170 2424 tamen
1200 2357 1279 2424 tam
1312 2343 1506 2447 infignem
1545 2347 1807 2446 quantitatem

261 2485 390 2589 partis
423 2478 593 2566 fibrosae
637 2478 835 2588 sanguinis
872 2480 1023 2566 effusae
1062 2485 1105 2566 in
1139 2500 1302 2566 externa
1342 2481 1553 2590 superficie
1590 2483 1803 2590 monstrat;

264 2625 403 2710 dume
417 2628 616 2707 contrario
639 2629 793 2707 interna
816 2621 1026 2707 substantia
1045 2625 1173 2706 multo
1196 2623 1341 2728 majora
1362 2623 1685 2731 degenerationis
1699 2649 1807 2720 mor,-

260 2766 386 2850 bosae
405 2765 542 2848 secum
569 2763 650 2848 fert
674 2763 834 2849 indicia.
865 2763 914 2846 ln
939 2765 1019 2845 hoc
1039 2766 1147 2846 enim
1173 2762 1317 2850 dextro
1342 2768 1535 2872 pulmone
1556 2766 1804 2873 superiorem

262 2912 410 2993 lobum
437 2906 527 2992 fere
550 2925 683 2992 totum
721 2911 882 2992 vomica
907 2908 1178 2990 exulceratum
1203 2901 1390 2988 videmus
1414 2922 1457 2987 et
1478 2908 1610 2988 omnis
1633 2903 1803 2990 substan-

261 3057 319 3136 tia
347 3055 503 3134 interna
528 3047 757 3152 consumta,
797 3051 1059 3154 internusque
1088 3046 1206 3152 huius
1234 3050 1336 3130 antri
1370 3050 1499 3152 paries
1530 3043 1710 3133 obsessus
1741 3067 1805 3134 est

262 3209 394 3274 crusta
416 3195 528 3297 puris
550 3187 722 3274 indurati
747 3208 788 3273 et
809 3189 1079 3294 inaequalibus
1100 3185 1255 3272 fibrillis
1274 3190 1504 3294 corruptis,
1533 3188 1577 3268 in
1597 3187 1802 3295 superiore

264 3331 352 3438 ejus
369 3349 479 3437 parte
492 3353 577 3414 non
590 3331 660 3414 niss
676 3332 825 3412 extima
846 3333 1052 3436 pulmonis
1076 3331 1303 3414 membrana
1325 3329 1498 3414 crassitie
1522 3347 1801 3414 auctareman·

262 3473 325 3556 srt.
352 3469 530 3557 inferior
550 3475 753 3579 pulmonis
776 3477 898 3556 etiam
920 3469 1103 3556 morbosa
1129 3469 1439 3576 degeneratione
1459 3469 1703 3572 allecti,sed
1718 3497 1801 3556 non

260 3611 312 3695 ad
325 3615 658 3716 ultimumusque
687 3611 848 3718 gradum
870 3616 1126 3717 exulcerati,
1140 3616 1301 3718 portio,
1319 3635 1393 3717 per
1411 3612 1683 3696 membranam
1698 3639 1800 3699 cras·

262 3753 367 3858 sam,
392 3754 574 3857 tensam,
603 3753 844 3840 inferiorem
871 3760 1058 3840 vomicae
1084 3754 1298 3863 superioris
1324 3757 1517 3862 parietem
1552 3751 1799 3838 constituen-

262 3913 373 3996 tem,
399 3894 576 4000 separata
605 3915 668 3980 est
694 3920 716 3979 a
744 3895 951 4002 superiore
974 3901 1069 3982 lobo
1097 3903 1323 3983 exulcerato
1348 3917 1392 3980 et
1407 3899 1460 3978 in
1484 3897 1559 3978 hac
1589 3917 1663 4002 pro
1685 3915 1797 4001 parte

261 4033 471 4120 substantia
502 4035 592 4120 sana
624 4037 833 4143 remansit,
875 4061 950 4148 pro
981 4060 1091 4149 parte
1125 4041 1294 4124 exhibet
1330 4038 1438 4145 ligna
1468 4041 1654 4142 inceptae
1683 4037 1798 4121 indu·

260 4181 423 4261 rationis
456 4193 500 4261 et
521 4181 861 4286 *entlcemtionim
893 4185 1037 4288 quibus
1069 4185 1190 4266 etiam
1226 4181 1396 4285 maiores
1425 4180 1558 4262 trunci
1585 4179 1795 4265 bronchia·

261 4343 349 4404 mm
385 4313 519 4404 affecti
550 4318 661 4420 sunt;
701 4328 878 4409 minores
916 4347 1018 4410 vero
1052 4322 1269 4410 divisiones
1298 4319 1490 4430 majorem
1521 4316 1796 4424 degeneratio

256 4463 319 4544 nis
345 4459 508 4568 gradum
531 4462 612 4569 jam
639 4464 739 4569 passa
764 4463 965 4550 videntur.
1570 4473 1573 4478 ’

315 4602 377 4687 Ut
408 4606 652 4711 plurimum,
683 4609 713 4692 ss
742 4579 962 4694 vehemens
999 4607 1268 4717 haemoptyns
1304 4627 1400 4688 cum
1427 4617 1586 4708 mptum
1612 4598 1794 4690 vasorum

256 4745 397 4830 locum
426 4741 590 4854 habuit,
614 4767 658 4834 et
679 4747 898 4836 accedente
924 4749 1040 4838 febre
1068 4750 1296 4860 suppuratio
1317 4763 1408 4832 nata
1435 4763 1520 4848 est,
1548 4747 1645 4828 tales
1665 4749 1795 4830 vomi·

1516 4909 1545 4989 4
