4794 6348
622 387 683 478 bo
768 379 2038 499 lcoxurrhunroercosl’xrsrotoorcxxorr

610 586 713 700 tium
747 589 844 698 huic
872 605 1172 718 adjacentium,
1211 605 1281 690 vel
1312 603 1356 694 in
1381 619 1639 711 utrarumque
1674 607 1791 696 timul
1811 605 2152 734 sabricaintlmr

608 751 836 855 merentis,
878 747 989 858 quod
1027 771 1151 856 quum
1184 749 1364 848 ratione,
1393 761 1439 828 ut
1471 741 1609 853 fieret,
1640 771 1726 832 noo
1757 754 2007 858 patiebatur,
2037 776 2157 866 sacar,

607 891 769 982 tandem
802 918 899 980 eum
929 895 1174 997 aliquatenus
1198 887 1445 971 convincere
1471 909 1556 970 non
1586 887 1846 996 dubitabam
1881 891 2158 1009 monstrabam,

609 1036 720 1120 enim
755 1035 828 1143 ipsr
867 1039 912 1121 in
949 1039 1117 1143 regione
1157 1033 1269 1117 colli·
1297 1027 1436 1113 ”totum
1473 1047 1642 1116 tractum
1675 1030 1895 1141 oesophagi
1927 1059 2023 1124 cum
2051 1045 2156 1149 rigi,

605 1173 729 1263 ditate
759 1177 943 1281 insolita,
979 1199 1073 1286 prae
1102 1176 1189 1258 aliis
1218 1176 1401 1278 corporis
1434 1168 1563 1278 hujus.
1589 1175 1771 1258 emaciati
1804 1179 1984 1282 partibus
2013 1200 2154 1268 tume·.

602 1325 667 1422 re,
732 1321 943 1425 laryngem
986 1313 1139 1400 osseam
1186 1307 1374 1397 duritiem
1409 1312 1557 1396 habere
1600 1331 1644 1396 et
1686 1337 1898 1422 perparum
1946 1321 2143 1410 mobilem

603 1455 711 1557 esse;
738 1457 768 1544 sr
793 1459 902 1542 enirn
924 1462 1064 1542 nixum
1094 1455 1376 1562 deglutitionir
1401 1450 1532 1542 edere¹
1548 1455 1676 1538 vellet
1698 1477 1843 1563 aeger,
1871 1480 1955 1543 non
1978 1458 2145 1570 adscen-

603 1595 724 1684 debat
757 1599 920 1706 larynx,
950 1601 1011 1680 uti
1038 1595 1165 1696 solet,
1203 1591 1271 1676 sed
1303 1595 1492 1680 haerebat
1527 1594 1615 1680 fere
1649 1597 1899 1697 immobilis;
1941 1593 2156 1714 praeterea.

603 1738 786 1850 glandula
820 1735 1065 1846 thyryoidea
1087 1735 1137 1818 ab
1169 1756 1343 1842 utroque
1378 1742 1504 1820 latere
1533 1741 1760 1830 eminenter
1781 1739 1964 1848 turgebat
1984 1763 2029 1827 et
2049 1763 2154 1854 erat,

602 1879 707 1966 dora.
761 1880 1014 1988 Arrgurabar,
1043 1900 1120 1962 nos
1152 1882 1265 1985 plura
1292 1883 1532 1965 inventuros
1559 1879 1675 1988 esse,
1705 1882 1735 1966 st
1761 1903 1857 1990 post
1876 1907 1972 1969 mox
1993 1884 2137 1973 instan-

600 2047 684 2110 tem
717 2043 894 2108 mortem
920 2024 1036 2105 nobis
1059 2025 1179 2106 venia
1206 2020 1500 2106 concederetur
1528 2021 1698 2114 cadaver
1727 2021 2001 2127 examinandi;
2029 2051 2155 2116 nam.

598 2183 679 2270 que
713 2167 848 2250 lentus
889 2167 982 2249 mali
1025 2160 1287 2272 progressus,
1329 2162 1447 2248 dolor
1481 2171 1722 2270 continuos,
1758 2167 1915 2255 hectica
1928 2164 2068 2256 -febris
2092 2187 2135 2256 et

598 2305 746 2420 eiectio
764 2308 873 2394 muci
893 2308 1120 2414 purulenti,
1147 2304 1268 2414 ipsrus
1295 2304 1514 2412 oesophagi
1539 2310 1750 2415 malignam
1777 2305 2154 2416 degenerationem.

598 2443 732 2532 adesse
758 2471 827 2531 me
854 2445 1087 2548 docebant3
1115 2471 1238 2554 quum
1263 2467 1400 2550 autem
1423 2449 1512 2535 talis
1542 2448 1802 2554 degeneratio
1830 2455 1982 2536 nullum
2009 2429 2152 2568 irrita?

597 2607 777 2676 menmnr
795 2585 902 2674 serre
922 2591 1076 2698 possse,
1103 2611 1148 2672 et
1171 2591 1325 2698 aegri-a
1347 2593 1607 2696 quocumque
1625 2587 1964 2694 admotosiimulo
1984 2589 2134 2678 soleant

595 2733 679 2840 pati
705 2729 877 2816 summm
901 2735 1125 2816 anxietates
1160 2753 1257 2815 cum
1287 2729 1480 2816 vomendi
1509 2733 1746 2837 conatibus,
1773 2749 1859 2816 nort
1888 2738 2002 2842 potui
2034 2757 2132 2816 con-

595 2871 742 2958 cedere
772 2877 1121 2983 experimentum,
1149 2869 1261 2978 quod
1288 2871 1472 2958 medicus
1499 2871 1704 2958 instituere
1727 2867 1880 2976 voluit,
1908 2893 1955 2958 ut
1976 2871 2148 2976 scilicet⁸

596 3017 890 3122 exploraremus
909 3036 993 3119 opu
1013 3017 1150 3118 virgae
1173 3015 1432 3118 balaenarue,
1458 3039 1511 3098 an
1532 3012 1640 3102 sorte
1661 3013 1871 3120 abcessus,
1897 3036 1967 3102 aut
1992 3013 2123 3102 secors

593 3180 694 3266 pure
719 3159 889 3265 plenos,
918 3156 994 3240 hac
1021 3156 1177 3239 ratione
1193 3154 1332 3262 posset
1349 3161 1517 3263 aperiri,
1533 3181 1582 3244 ‚et
1607 3161 1663 3241 ita
1690 3153 1941 3242 obstantium
1964 3157 2127 3242 alimen·

594 3319 729 3382 torum
750 3299 867 3395 tolli;
894 3293 1001 3381 sacti
1020 3298 1128 3381 enim
1141 3317 1266 3404 ,pure
1286 3297 1421 3404 pleni,
1445 3318 1513 3382 aut
1525 3300 1644 3390 claosr
1654 3295 1860 3399 abcessus,
1873 3295 2130 3404 praesentiam

592 3438 786 3549 suspicari
811 3439 881 3522 hic
907 3461 994 3522 non
1014 3461 1222 3546 poteram
1267 3443 1480 3544 pumlenta
1511 3443 1619 3530 enim
1653 3441 1841 3524 materies
1870 3461 1971 3542 ,cum
2007 3457 2128 3524 muco

593 3585 716 3668 mixta
755 3597 994 3688 appamerat
1035 3576 1214 3686 saepius;
1255 3579 1353 3666 huic
1388 3605 1489 3688 ergo
1526 3587 1594 3668 via
1627 3603 1710 3666 erat
1747 3599 1910 3690 aperta,
1946 3577 2128 3686 adeoque

590 3719 773 3806 versabar
807 3727 852 3808 in
892 3745 941 3806 ea
982 3725 1209 3829 opinione,
1266 3742 1314 3807 ut
1355 3748 1432 3830 per
1466 3741 1602 3809 totum
1638 3718 1727 3810 fers
1768 3717 1985 3830 oesophagi
2027 3740 2142 3820 trac-2

590 3875 677 3944 tum
705 3863 921 3944 nonnullae
954 3861 1164 3966 glandulae
1201 3862 1335 3946 essent
1369 3863 1603 3965 induratae,
1630 3865 1729 3948 allae
1761 3867 1901 3948 ulcere
1929 3859 2125 3966 affectae,

588 4015 632 4086 et
667 4015 876 4108 praeterea
911 4005 1173 4106 muscarum,
1227 4003 1504 4110 oesopbagum
1543 4002 1898 4108 commolendum,
1945 4007 2122 4090 excoria·
2168 4033 2172 4038 ·

584 4141 645 4226 tio
682 4157 728 4222 et
759 4142 1008 4225 exulceratio
1043 4145 1240 4250 malignae
1281 4141 1481 4231 adessent.
2138 4223 2142 4230 .

641 4283 894 4398 Quamquam
932 4286 1056 4394 igitur
1094 4307 1118 4366 a
1151 4291 1266 4372 nullo
1289 4289 1480 4374 remedio
1516 4291 1711 4376 auxilium
1748 4285 1970 4394 exspectari
2006 4283 2124 4398 possa

585 4443 787 4532 putarem,
829 4427 1021 4530 petitioni
1051 4445 1190 4512 ermen
1220 4433 1465 4536 aegrotantis
1499 4453 1545 4520 et
1582 4431 1733 4516 medici
1762 4427 1903 4516 deesse
1929 4451 2014 4514 non
2040 4447 2121 4548 po·

590 4569 678 4666 tui,
707 4581 750 4650 et
774 4587 966 4672 quantum
1000 4571 1046 4654 in
1070 4569 1151 4654 boc
1181 4575 1378 4658 malorum
1394 4595 1573 4680 genere·
1593 4577 1689 4658 artis
1714 4567 2050 4682 limitessmum,
2075 4583 2146 4680 1¹⁸,e

586 4699 817 4812 prodessem
854 4701 1037 4810 saltem·
1068 4729 1413 4820 noumoeercm,
1437 4712 1707 4838 :consulem
1724 4708 1841 4820 duxi
1858 4704 2148 4830 praesmbete,
