4794 6348
365 418 368 427 .
514 353 1471 450 ,Ruscrcunut'i’nurtun
1724 375 1789 475 '65'

228 584 401 672 iecisse
431 583 686 695 progressus,
738 601 784 665 ut
818 582 932 665 nullo
973 578 1156 664 remedio
1179 547 1337 666 'sanatio
1366 581 1453 690 eius
1481 584 1615 670 afferri
1649 607 1791 692 potue-

227 735 333 832 .rit;
363 727 472 812 forte
499 733 541 810 in
558 745 692 832 parte,
715 727 892 808 maximo
912 724 1043 806 morbi
1071 720 1192 828 gradu
1222 721 1393 828 affecta,
1421 723 1582 809 initium
1603 730 1791 810 mutatio-

230 875 319 958 2uis
344 869 427 954 fuit
458 873 502 951 in
533 865 729 974 glandulis
757 866 998 970 muciparis,
1037 885 1112 968 per
1140 861 1366 971 oesophagi·
1389 868 1545 950 tunicas
1588 865 1787 974 disperire

231 1012 351 1096 .lmo
380 1007 624 1094 crediderim
652 990 1065 1092 vitam'scdentariam
1094 1022 1137 1086 et
1159 1001 1324 1088 abusum
1359 1003 1554 1092 ferventis
1581 1004 1790 1102 infusronis

238 1150 413 1234 'mffeae
446 1149 577 1236 ansam
612 1150 709 1234 huic
740 1147 883 1230 morbo
924 1141 1110 1243 dedisse;
1146 1148 1231 1228 vita
1261 1151 1371 1230 enim
1406 1146 1627 1232 sedentari'a
1652 1151 1696 1234 in
1719 1151 1794 1236 hac

252 1297 472 1400 praecipue
501 1311 633 1374 aetate
659 1293 860 1374 lentorem
880 1290 926 1370 in
946 1288 1121 1382 circuitu
1147 1287 1362 1369 humorum
1386 1286 1602 1395 producit,
1628 1315 1793 1389 mucus-

253 1457 338 1539 que
370 1436 618 1516 tenaciorem
646 1431 758 1538 iusto
792 1428 943 1512 diutius
972 1433 1016 1512 in
1038 1425 1235 1536 glandulis
1266 1430 1337 1511 vel
1363 1435 1518 1538 cryptis
1549 1433 1709 1515 baereat
1738 1431 1819 1516 fr-'

253 1576 343 1679 cit,
384 1575 499 1658 hisce
535 1573 622 1681 jam
658 1568 899 1673 obstructis,
940 1562 970 1648 sr
999 1565 1168 1650 accedat
1197 1565 1394 1652 ferventis
1432 1589 1555 1678 potus
1583 1570 1789 1676 stimulus,

250 1734 327 1800 aut
352 1733 399 1799 ut
429 1718 473 1798 in
507 1714 592 1796 aliis
621 1711 854 1794 bominibus
885 1707 1002 1816 saepe
1028 1705 1099 1813 fit,
1127 1728 1249 1815 potus
1276 1707 1479 1818 spirituosr
1499 1711 1663 1819 abusus,
1694 1739 1793 1798 con-

253 1855 505 1964 stringuntur
530 1857 670 1938 oscula
703 1853 995 1953 excementia,
1026 1851 1337 1936 inflammatione
1365 1850 1632 1958 clauduntur,
1662 1871 1705 1938 et
1735 1859 1807 1940 ita.

249 1995 431 2084 mfarctis
466 1992 663 2103 glandulis
694 1997 823 2076 oritur
851 1993 1005 2098 primus
1033 1994 1166 2077 morbi
1195 1991 1363 2100 gradus,
1393 2000 1453 2080 uti
1479 1997 1548 2081 hic
1575 1994 1659 2080 sese
1679 2023 1805 2082 mon·

251 2135 368 2240 strat3
395 2137 427 2221 fi
458 2136 540 2244 jam
565 2137 646 2218 boc
684 2135 791 2218 malo
827 2133 997 2218 affectus
1032 2133 1159 2217 homo
1191 2132 1325 2216 causas
1340 2195 1363 2240 ,.
1385 2157 1489 2240 quae
1521 2133 1625 2222 illud
1650 2161 1808 2246 augere:

252 2275 449 2388 possunt,
476 2279 652 2362 evitaret
679 2294 722 2360 et
753 2294 845 2384 apta
869 2273 1048 2359 remedia
1072 2281 1306 2382 acciperet,
1343 2295 1456 2360 certe
1492 2301 1579 2362 non
1605 2275 1807 2388 semper,

253 2439 324 2505 ant
348 2437 433 2502 tam
462 2415 721 2525 frequenter,
757 2415 857 2501 adeo
891 2419 1062 2522 maligna
1094 2414 1213 2500 fieret
1245 2418 1386 2501 harum
1424 2416 1693 2525 glandularum
1720 2417 1792 2502 de-

255 2563 480 2670 generatim
527 2583 651 2666 quum
684 2580 900 2642 veronen
935 2560 1072 2644 multis
1110 2566 1246 2646 nervis
1284 2559 1494 2646 instructae
1521 2560 1711 2650 videntur
1751 2584 1808 2647 et:

254 2727 338 2787 non
365 2700 484 2788 sensu
523 2699 743 2786 admodum
783 2699 1197 2808 expuifitosrgarrdent
1232 2701 1308 2785 hae
1342 2719 1508 2808 cryptae
1541 2707 1808 2810 muciparae,

258 2849 390 2929 celant
421 2847 474 2928 in
501 2843 620 2927 initio
650 2842 762 2927 suurn
790 2845 997 2945 morbum,
1025 2862 1203 2952 pergunt
1235 2847 1342 2952 aegri
1376 2849 1539 2949 omnia,
1581 2870 1683 2952 quae
1718 2870 1804 2928 no·-

260 3007 378 3090 cent,
417 2985 635 3088 adhibere,
676 2988 909 3092 negligere,
956 3007 1071 3089 quae·
1101 2979 1291 3092 prodesse
1334 2982 1523 3091 possent,
1562 3004 1604 3068 et
1640 2985 1695 3070 fic
1726 2989 1809 3070 iis·

256 3126 344 3212 dem
372 3128 519 3230 causrs,
547 3128 731 3212 morbum
756 3123 1097 3235 producentibus,
1121 3125 1306 3230 quotidie
1330 3123 1417 3210 fere
1435 3127 1654 3234 adhibitis,
1683 3132 1806 3214 lenta

255 3273 520 3377 corripiuntur
537 3268 876 3375 inflammatione,
903 3287 946 3350 et
961 3271 1111 3353 limites
1129 3267 1229 3350 suos.-
1243 3265 1378 3351 denuo
1404 3271 1633 3353 immaniter
1655 3285 1808 3352 exten·-

255 3407 316 3494 dit
338 3412 501 3493 malumr

306 3552 435 3634 Patet.
452 3574 585 3657 porro·
606 3573 658 3636 ex
687 3571 850 3636 mutate:
866 3558 921 3637 ita
950 3551 1167 3660 oesopiiagi
1199 3548 1393 3634 structura
1415 3553 1517 3633 ratio
1544 3572 1673 3633 rerum
1695 3573 1796 3633 non·

255 3695 477 3796 nullarum,
507 3713 604 3797 quae
629 3713 721 3776 ante
749 3713 919 3778 mortem
953 3693 1266 3779 observabantur
1294 3695 1338 3775 in
1360 3711 1483 3799 aegro
1509 3707 1673 3798 etpost
1691 3713 1811 3776 mor-2

253 3854 338 3920 tem
361 3837 407 3918 in
426 3838 515 3920 aliis
542 3837 746 3944 partibus3
773 3831 890 3922 verbi
922 3839 1162 3944 gretIa,.cur
1190 3839 1235 3921 in
1271 3836 1368 3918 nixu
1393 3829 1675 3940 deglutitionis
1710 3855 1813 3922 non⁴

254 3973 404 4060 sursum
448 3977 554 4060 trahi
599 3975 736 4084 posset
773 3981 941 4085 larynx,
991 4003 1139 4087 nempe
1176 3981 1269 4084 quia
1307 4002 1402 4061 cum
1439 3974 1526 4081 ipso
1566 3974 1814 4082 oesophego·

257 4140 363 4201 arcte
390 4139 678 4224 concreverat,
701 4139 745 4203 et
768 4125 834 4205 hic
856 4119 1046 4228 ipsenon
1065 4137 1226 4226 poterat
1250 4114 1495 4234 adscendere
1513 4133 1678 4220 propter
1700 4133 1814 4194 con·-

254 4262 475 4344 cretionem
507 4284 600 4344 oum
627 4265 767 4348 arteria
796 4280 906 4344 aorta
932 4278 976 4344 et
1007 4261 1244 4364 corporibus
1277 4257 1554 4339 vertebrarum
1585 4251 1700 4336 dorsr.

282 4401 418 4511 Quare
432 4425 532 4487 vero
547 4401 755 4511 glandulae
769 4401 998 4488 mesenterii
1019 4394 1355 4508 praetermodum
1378 4413 1525 4500 parvae
1536 4395 1673 4476 erant?
1688 4397 1813 4504 Quian

256 4562 391 4644 certe,
415 4543 540 4647 chylo
563 4541 808 4648 deficiente,
836 4541 1033 4650 collapsae
1064 4540 1138 4627 diu
1166 4557 1209 4622 et
1236 4535 1453 4621 exsiccatae
1482 4529 1638 4619 fueram
1667 4559 1815 4624 venae·
