4794 6348
594 453 669 560 76
751 449 991 540 leonum
1031 447 2022 549 Auarortrco·Paataobonacursum

609 675 701 775 ovi,
725 688 782 756 -et
813 674 919 756 bene
946 668 1206 770 sesehabere
1238 665 1483 768 videbatur,
1512 675 1568 756 ita
1595 689 1643 755 ut
1678 701 1694 758 1
1724 676 1931 762 Octobris
1963 678 2004 766 se
2040 680 2148 778 sana-

604 831 688 898 tam
722 813 810 899 esse
848 834 1039 924 putaret,
1088 837 1213 918 quum
1244 811 1324 917 jam
1361 812 1573 914 aliquoties
1612 810 1738 896 domo
1774 819 1928 900 exierat
1958 839 2001 904 et
2034 827 2143 908 nulla

594 952 869 1062 «symptomata
904 951 1032 1036 fuerat
1064 969 1255 1058 experta3
1304 947 1402 1032 suast
1436 969 1572 1033 tamen
1605 950 1709 1035 serio
1759 954 1929 1042 diaetam
1965 984 2019 1046 ert
2050 965 2140 1048 flui-

606 1095 666 1178 dis
701 1093 994 1195 nutrientibus,
1011 1089 1300 1180 ¹abstinentiam
1330 1088 1380 1169 ab
1410 1090 1598 1175 omnibus
1632 1090 1770 1179 solidis
1798 1097 1913 1183 ¹cibis
1944 1117 1987 1184 et
2019 1099 2134 1184 afri-

606 1259 728 1344 gore,
772 1252 816 1318 et
844 1251 1088 1340 protractum
1109 1227 1239 1315 'usum
1269 1231 1467 1313 mixturae
1502 1232 1724 1318 roborantis
1763 1257 1883 1344 atque
1912 1209 2137 1346 pilulamm.

600 1379 665 1460 Sic
693 1378 797 1459 bene
825 1371 906 1458 sese
934 1375 1082 1458 habere
1105 1372 1318 1459 videbatur
1350 1393 1478 1477 usque
1506 1370 1556 1453 a'd
1588 1391 1780 1460 octavum
1804 1376 1910 1461 diem
1932 1381 2137 1485 octobris,

600 1538 680 1622 quo
716 1521 823 1600 inter
852 1519 927 1600 alia
964 1514 1124 1597 caseum
1158 1530 1385 1616 vetustum,
1423 1509 1646 1601 seminibus
1696 1520 1848 1603 cumini
1897 1520 2136 1622 conditum,

598 1684 694 1742 cum
731 1681 833 1764 pane
867 1675 908 1740 et
940 1654 1087 1760 butyro
1131 1651 1250 1738 avide
1289 1651 1542 1760 ingesserat,
1598 1659 1753 1762 aliaque
1799 1653 1978 1765 fecerat,
2036 1686 2134 1745 con-

596 1800 683 1883 lilio
707 1821 799 1884 meo
822 1803 1039 1897 contraria,
1067 1818 1119 1878 eo
1142 1793 1322 1897 effectu,
1352 1814 1399 1878 ut
1423 1793 1604 1881 redirent
1624 1803 1803 1884 vomitus
1823 1804 1925 1908 nigri
1956 1810 2137 1908 cruenti,

597 1962 688 2022 curn
721 1937 885 2022 summis
912 1936 1147 2040 doloribus,
1170 1935 1299 2019 nullis
1327 1935 1546 2040 remediis,
1579 1941 1803 2046 antacidis,
1836 1945 2136 2051 mucilaginosrs

594 2078 843 2184 anodynisve
873 2073 1179 2184 compescendi3
1208 2073 1281 2158 sed
1321 2082 1458 2161 omnia
1490 2077 1755 2188 symptomata
1784 2085 1829 2166 in
1853 2083 1942 2167 dies
1970 2089 2138 2172 celerri-

593 2244 660 2304 me
696 2239 935 2329 augerentur
960 2243 1053 2302 cum
1081 2236 1191 2301 tanta
1222 2221 1372 2302 virium
1401 2222 1706 2324 imminutione,
1737 2240 1781 2311 ut
1806 2220 1969 2308 decimo
2009 2223 2135 2332 septi·

591 2385 661 2444 mo
689 2359 869 2466 ejusdem
890 2359 1042 2443 mensas
1069 2358 1262 2462 Octobris
1295 2358 1392 2440 hora
1419 2359 1634 2444 meridiana
1657 2358 1844 2446 miseram
1867 2364 1994 2450 vitam
2014 2369 2131 2450 amit-

590 2520 704 2586 teret
1909 2477 1913 2484 ’

643 2643 840 2750 Ejusdem
875 2641 958 2728 diei
993 2665 1160 2750 vespera
1188 2641 1391 2726 cadaveris
1421 2666 1590 2728 examen
1607 2641 1791 2749 iustiori,
1823 2641 1936 2752 quod
1961 2645 2134 2754 plutima

587 2805 732 2870 notatu
759 2785 877 2894 digna
903 2784 1104 2870 exhibuit.

642 2927 814 3011 Sublatis
848 2929 1138 3032 integumentis
1173 2926 1487 3030 communibus,
1518 2947 1621 3032 quae
1646 2925 1902 3012 tenacisfima
1937 2929 2017 3010 tela
2050 2931 2131 3010 cel·

585 3067 710 3154 lulosa
736 3094 839 3154 cum
865 3068 1163 3174 subjacentibus
1194 3071 1385 3152 musculis
1418 3067 1712 3170 cohaerebant,
1744 3068 1884 3173 aperui
1908 3070 2041 3171 primo
2066 3091 2148 3164 ca·,

586 3213 757 3294 vitatem
790 3206 1045 3314 abdominis,
1075 3205 1242 3314 vidique
1287 3209 1426 3292 omnia
1450 3214 1635 3312 viscera,
1664 3206 1855 3312 quanvis
1889 3201 1978 3290 fere
2010 3229 2130 3290 vacua

586 3352 723 3435 esssnt
750 3355 970 3456 intestina,
1001 3375 1128 3458 aeque
1162 3351 1298 3434 tenuia
1324 3368 1444 3456 atque
1476 3345 1628 3450 crassa,
1669 3346 1886 3428 naturalem
1916 3344 2033 3431 satum
2061 3345 2127 3432 ha-

585 3493 711 3596 here,
737 3491 904 3576 casatis
928 3489 1065 3578 sanum
1094 3489 1234 3577 stanam
1256 3489 1504 3596 monstrate;
1533 3504 1744 3576 omentum
1771 3507 1871 3568 vero
1898 3505 1982 3572 erat
2007 3487 2125 3571 valde
2180 3535 2184 3550 ·
2214 3529 2219 3540 ·

584 3651 864 3738 extenuatum,
894 3638 1022 3722 itaut
1053 3659 1194 3722 uerum
1227 3651 1312 3720 rete
1349 3631 1538 3719 referret.
1579 3628 1643 3713 Ut
1665 3646 1800 3713 autem
1835 3629 1996 3728 omnia,
2025 3649 2126 3732 quae

584 3775 633 3856 ad
662 3773 804 3858 statum
839 3777 1065 3862 morbosum
1088 3777 1217 3882 huius
1245 3775 1459 3864 cadaveris
1502 3777 1706 3883 pertinere
1746 3772 2004 3872 viderentur,
2047 3771 2124 3852 rite

585 3919 799 3998 examinari
827 3915 1017 4019 possent,
1047 3917 1265 4024 prudenter
1297 3923 1490 4003 intestina
1523 3913 1705 4015 resecui,
1735 3915 1897 3996 relictis
1922 3911 2125 3993 vennicu·

582 4059 648 4156 lo,
679 4056 849 4160 hepate,
881 4056 1014 4161 liene,
1052 4076 1264 4162 pancreate
1289 4083 1339 4146 ‚et
1375 4063 1535 4146 renibus
1568 4081 1660 4140 cum
1692 4054 1792 4138 vairs
1824 4051 2039 4158 majoribus
2080 4069 2122 4132 et

579 4201 837 4305 mesenterio.
915 4199 1013 4284 Hoc
1059 4201 1347 4288 mesenterium
1390 4221 1499 4287 tactu
1545 4199 1784 4302 explorans,
1837 4191 1977 4274 detexi
2020 4193 2127 4272 inter

580 4345 667 4448 ejus
704 4346 950 4428 membranas
992 4348 1205 4429 nonnullas
1245 4344 1448 4453 glandulas
1489 4342 1613 4444 magis
1650 4331 1848 4433 tumidas,
1891 4353 2009 4452 quam
2050 4351 2123 4409 eae

580 4485 668 4568 sunt
687 4491 745 4570 ‚in
779 4483 872 4566 iano
901 4491 1100 4590 corpore,
1133 4487 1348 4569 nonnullas
1371 4503 1563 4590 quoque,
1592 4499 1693 4583 quae
1716 4495 1801 4558 non
1826 4488 1982 4553 tantum
2006 4471 2124 4550 tumi-

579 4621 681 4722 dae,
715 4646 874 4712 ¹verum
910 4629 1030 4708 etiam
1066 4623 1418 4733 praetermodum
1451 4639 1564 4707 erant
1611 4617 1755 4714 durae;
1809 4618 1915 4698 inter
1960 4610 2125 4693 arteriae

574 4777 675 4850 ueto
703 4763 901 4848 coeliacae
921 4785 1076 4850 ramum
1097 4761 1388 4852 stomachicum
1416 4782 1537 4871 atque
1566 4761 1755 4845 lienalern
1769 4775 1920 4882 magna
1942 4745 2138 4878 glandula
