4794 6348
489 381 497 396 ’
614 405 669 510 64
754 401 999 492 leonum
1036 395 2043 494 nanneten-Parraotoo-tearum

614 612 706 734 pern
740 645 841 710 vero
866 619 1116 734 oesophagur
1146 643 1246 706 mox
1278 635 1364 702 crat
1397 626 1627 728 angustior,
1656 626 1839 730 quamvis
1869 629 2036 736 danicae
2069 629 2155 735 ajua

614 789 700 852 non
724 767 942 854 marituma
977 766 1144 850 naturali
1174 759 1275 846 statu
1305 760 1503 846 aberrasse
1530 763 1790 869 viderenntr3
1819 767 1900 848 hoc
1930 788 2068 878 autem
2098 771 2158 856 loe

612 929 665 992 co
693 907 910 1016 auguntianr
943 904 1185 1014 produxerat
1220 905 1546 986 intumescentia
1574 903 1784 1010 glandulae
1815 907 2077 1012 thyrioideae
2112 931 2157 992 et

612 1051 793 1160 corporia
823 1045 1052 1158 glandulosr
1071 1043 1198 1150 duri,
1231 1040 1392 1126 dextrae
1427 1047 1531 1151 parti
1559 1045 1809 1153 adjacentis3
1847 1071 1934 1130 non
1966 1023 2071 1131 vero
2102 1047 2154 1133 ad

608 1209 791 1298 magnam
847 1185 1074 1272 distantiam
1117 1191 1276 1271 intacta
1306 1180 1499 1267 manserat
1535 1185 1620 1294 ipsa
1663 1183 1881 1296 oesophagi
1925 1165 2151 1295 stmctura,

609 1329 764 1416 scilicet
794 1327 896 1414 duoa
932 1329 1106 1434 pollicet
1145 1321 1252 1410 infra
1281 1319 1516 1408 inferiorem
1548 1329 1765 1435 pharyngis
1787 1349 1967 1434 partem,
2006 1332 2152 1416 intima

607 1473 745 1558 tunica
776 1493 851 1581 pro
882 1489 994 1578 parte
1035 1463 1196 1550 corrosa
1237 1482 1350 1566 erat,
1391 1486 1466 1570 pro
1496 1485 1609 1572 parte
1639 1486 1800 1576 praeter
1835 1489 2015 1552 naturam
2048 1468 2151 1554 dura

604 1613 881 1726 prominebat,
925 1609 1019 1698 dnm
1061 1613 1106 1695 in
1138 1603 1268 1691 media
1302 1621 1415 1712 parte
1439 1609 1651 1707 ¹nonnulla
1696 1609 1834 1692 oscula
1866 1607 2150 1715 glandularom

605 1759 895 1865 mucipararum
924 1752 1096 1836 maxime
1139 1747 1291 1833 hiantia·
1317 1764 1450 1847 erant;
1486 1764 1676 1833 ceterum.
1693 1747 1761 1834 hic
1789 1752 1872 1834 loci
1900 1751 1962 1832 iu⁴
1980 1747 2149 1862 discissae

603 1897 751 1980 tunicia
784 1887 969 1976 nondum·
992 1888 1201 1998 apparebat
1232 1886 1434 1972 notabilia·
1468 1881 1754 1996 degeneratio}
1780 1886 1833 1971 ad
1854 1892 2046 1997 pollicem
2065 1868 2147 2002 ,ve-¹

602 2051 649 2122 ro
678 2029 866 2120 inferiora
897 2027 1032 2116 versun
1063 2031 1162 2114 hacc
1194 2027 1279 2112 sese
1309 2032 1454 2115 clarius
1490 2029 1757 2134 monstrabat,
1787 2035 2001 2146 purulenta
2029 2038 2144 2144 enim

603 2171 728 2260 cantia
769 2175 931 2258 matorie
970 2193 1054 2256 non
1093 2189 1246 2258 tanturn
1280 2191 1366 2256 erat
1404 2169 1563 2258 obsessa
1601 2175 1744 2258 intima
1783 2176 1950 2289 tunica,
1999 2196 2142 2287 venam

598 2315 716 2400 otlanr
755 2309 996 2418 consumta,
1028 2311 1156 2400 exesa.
1183 2332 1237 2402 etr
1266 2314 1486 2400 tuberculis
1517 2314 1795 2422 inaequalibus
1827 2313 2044 2400 admodum
2067 2317 2140 2404 ob

601 2451 727 2560 suasor
758 2451 906 2559 librae,
930 2457 993 2540 uti
1017 2459 1061 2542 in
1082 2457 1604 2566 picum-peripneumonia
1629 2451 2044 2559 mornrirsoletfieri,
2070 2455 2138 2540 hic

600 2597 781 2684 interiori
806 2591 1025 2702 oesophagi
1046 2597 1151 2704 parti
1167 2595 1455 2701 adhaerebam,
1485 2617 1586 2702 quae
1611 2599 1657 2681 in
1681 2592 1820 2682 medio
1842 2594 2140 2681 ulcereoblom

600 2759 652 2848 go
677 2733 883 2846 profundo
913 2753 998 2820 crat
1027 2733 1259 2836 consumar
1288 2738 1369 2822 aiio
1411 2737 1508 2818 loco
1539 2752 1621 2818 erat
1654 2731 1748 2819 dura
1776 2753 1821 2821 et
1855 2737 2140 2844 cartilaginea,

599 2879 816 2984 praecipue
845 2879 892 2964 in
917 2893 1030 2984 parte
1063 2877 1240 2980 irrristra,
1270 2881 1314 2962 iu
1335 2899 1413 2983 qua
1436 2899 1530 2961 cum
1566 2881 1704 2962 arteria
1724 2895 1833 2961 aorta
1860 2875 2149 2970 descendente,

600 3012 847 3122 inseparabili
872 3037 977 3102 nexu
1003 3036 1267 3102 concreverat
1299 3037 1385 3102 tota
1411 3015 1633 3124 oesophagi·
1657 3014 1889 3104 substantia.

657 3151 832 3242 Crnassor
862 3153 967 3236 haee·
994 3153 1147 3240 liniatm
1184 3179 1274 3264 para
1309 3156 1394 3242 sese
1431 3154 1535 3240 infra
1567 3181 1665 3241 mox
1708 3155 1948 3266 descriptam
1981 3163 2136 3246 multat
2248 3185 2252 3194 ’

598 3317 685 3386 nim
720 3295 1064 3382 erutlcorationem¹
1089 3291 1412 3404 conspiciendam
1454 3297 1667 3402 praebebat
1701 3297 1750 3382 ad
1780 3301 1900 3382 trium
1936 3302 2136 3404 pollicum

596 3433 911 3548 longitudinem,
939 3433 1010 3521 ubi
1042 3437 1193 3544 reliqua
1221 3439 1444 3522 tunicamm
1483 3440 1669 3545 expansio
1693 3460 1738 3524 et
1762 3458 1847 3525 tota
1868 3437 2040 3526 inferior
2065 3465 2133 3530 ca:

596 3581 698 3670 nalla
738 3599 824 3688 para
861 3601 988 3686 unque
1029 3575 1080 3664 ad
1115 3577 1288 3664 cardiam
1329 3581 1572 3688 apparebant
1603 3579 1858 3684 sanissimae,
1913 3579 1989 3664 nili
2020 3578 2133 3686 quod

598 3739 679 3806 troa
713 3715 917 3830 glandulae
944 3725 1167 3828 muciparae
1193 3721 1260 3806 hic
1291 3723 1651 3830 praetermodum
1679 3722 1853 3831 majores
1887 3719 2049 3826 essent,
2088 3725 2134 3808 in

596 3861 741 3972 quibua
782 3855 1000 3966 primordia
1033 3863 1152 3966 mali,
1202 3883 1287 3968 quo
1331 3859 1525 3970 superior
1544 3889 1635 3972 pars
1672 3880 1854 3971 correpta
1889 3857 1996 3964 fuit,
2046 3845 2134 3966 jam

595 3993 732 4088 adoaia
767 3995 969 4088 vldcntur.

649 4141 716 4232 lta
754 4141 869 4228 hisce
900 4143 1090 4232 omnibus
1118 4159 1162 4230 et
1189 4147 1407 4256 praecipue
1440 4149 1732 4236 emendaveris
1769 4143 1955 4232 smtioue
1984 4155 2129 4249 patet,

592 4287 805 4396 puinronca
832 4305 918 4368 nun
947 4280 1056 4372 solon
1086 4289 1250 4376 materia
1293 4289 1540 4380 rheumatica
1575 4292 1743 4376 affectos
1768 4281 1924 4387 fuisse,
1953 4299 1997 4364 et
2034 4303 2129 4364 caue

590 4425 671 4512 liant
701 4427 895 4512 naulorum
926 4431 1108 4516 omnium
1138 4453 1225 4516 non
1254 4435 1299 4518 in
1326 4433 1440 4519 bisce
1473 4429 1722 4532 constitisse,
1749 4423 1832 4511 sed-
1861 4421 2045 4529 quamvis
2082 4418 2138 4524 hi.

592 4585 752 4672 quouue
783 4559 917 4650 affecti
943 4565 1100 4674 ealent,
1129 4576 1382 4682 praecipuam
1412 4571 1598 4660 fatalium
1627 4572 1940 4678 symptomatum
1968 4555 2129 4690 masam

592 4723 637 4792 at
651 4699 786 4790 indam
805 4705 850 4790 in
872 4701 953 4814 lph
973 4705 1187 4822 oesophagi
1209 4713 1396 4804 morbosa
1423 4713 1617 4804 ibueotra
1632 4707 1827 4814 banasa,
1842 4725 1964 4813 atque
1988 4685 2130 4842 attatei
