4794 6348
469 484 472 494 ’
601 503 657 606 76
749 457 2043 580 lcouurr·Auarour·co·Pnrrronooroaaurr·

601 733 682 800 tam
722 730 765 798 et
800 708 1070 809 durissimam,
1123 708 1256 788 itaut
1292 697 1423 782 multo
1458 699 1640 805 amplior·
1669 699 1817 784 canalis
1856 697 2067 786 videretur
2103 691 2153 784 in

600 853 824 955 inferiore,
857 876 973 958 quarn
1002 851 1045 931 ia
1078 845 1287 951 superiore
1324 857 1463 945 parte,
1493 863 1593 944 quae
1621 842 1752 922 minus
1785 839 1881 922 dura
1907 843 2131 948 apparebat.
2224 903 2229 912 .

662 996 753 1080 Per'
774 987 1068 1096 longitudinem
1100 985 1180 1090 jam
1211 999 1364 1087 aparte
1393 983 1614 1086 posteriore
1645 978 1754 1064 facta
1782 982 1978 1069 incisione
2012 1002 2153 1072 toturn

603 1135 824 1242 oesophagi
854 1149 1027 1215 tractum
1056 1127 1219 1230 aperui,
1256 1146 1383 1227 eaque
1415 1121 1610 1208 incisione
1648 1118 1754 1204 facta
1780 1127 1946 1229 purgavi
1975 1124 2151 1214 ablutio*

603 1299 655 1356 ne
683 1298 807 1380 aquae
836 1269 1056 1378 prudenter
1091 1267 1255 1370 omnia,
1280 1282 1323 1346 et
1354 1287 1461 1347 nunc
1490 1263 1746 1376 degeneratio
1769 1241 1922 1373 ingens'
1940 1269 2154 1372 apparuit3.

604 1416 766 1520 qualem
797 1418 870 1496 vix
893 1433 1066 1514 unquam
1090 1403 1215 1490 visam
1247 1403 1335 1488 esse
1363 1405 1573 1508 putabam..

658 1555 847 1659 Pharynx
882 1569 923 1633 et
957 1549 1139 1656 superior
1175 1543 1390 1651 oesophagi
1424 1569 1512 1650 pars
1546 1543 1636 1628 satis
1669 1545 1777 1627 bene
1812 1543 2049 1630 constitutae
2089 1552 2154 1631 vi-'

606 1695 824 1796 debantur;
862 1695 911 1775 ab
945 1693 1108 1774 arteriae
1141 1704 1275 1770 nortae
1311 1708 1407 1767 vero
1445 1709 1539 1768 arcu
1570 1683 1618 1766 ad
1638 1684 1808 1772 cordiam
1840 1710 1968 1790 usque
2003 1689 2159 1792 ingene

605 1839 829 1918 tunicarum
868 1833 1038 1916 durities
1076 1847 1119 1910 et
1157 1828 1353 1913 crashties
1391 1845 1574 1934 apparet,
1590 1830 1661 1908 'ita
1682 1846 1728 1910 ut
1754 1851 1840 1910 non
1870 1847 2022 1918 tantum
2050 1826 2153 1912 duoa'

607 2000 693 2058 rum
727 1973 944 2077 digitorum
984 1971 1198 2052 crassitiem
1241 1968 1512 2070 induxissent,
1561 1972 1853 2052 verumetiam
1885 1967 2154 2054 inscirrhum'

612 2131 656 2196 et
696 2135 885 2194 cancrum
925 2109 1059 2192 essent
1092 2112 1244 2191 mutati.
1302 2110 1497 2216 Superior
1522 2110 1722 2194 induratae
1756 2116 1878 2216 partis
1917 2117 2056 2218 portio
2093 2117 2152 2193 ita
2209 2143 2211 2148 ’

614 2255 867 2338 obturaverat
912 2274 1076 2336 omnem
1119 2247 1168 2332 ad
1202 2255 1476 2338 ventriculum
1510 2256 1642 2356 viam,
1682 2269 1729 2336 ut
1760 2252 1891 2354 nibil,
1912 2275 1966 2336 ne
1997 2269 2156 2358 potum·

616 2390 803 2496 quidem,
829 2391 902 2474 sub
934 2389 1059 2489 finem
1089 2391 1222 2474 morbi
1256 2390 1465 2499 depellere
1495 2391 1695 2500 potuisset
1727 2409 1937 2499 aegrotus,
1962 2393 2160 2498 haecque

613 2538 732 2641 plena
765 2537 856 2618 viae
896 2533 1101 2616 obturatio
1132 2537 1226 2640 plus
1269 2557 1387 2640 quam
1422 2533 1520 2620 duas
1552 2536 1722 2641 pollices
1757 2537 1878 2640 longa
1911 2547 2003 2632 est3
2054 2529 2158 2615 inde

612 2694 712 2757 vero
751 2675 904 2778 reliqua
937 2697 1026 2780 pars
1065 2669 1117 2754 ad
1152 2671 1327 2760 cardiam
1370 2698 1526 2780 usque,
1585 2673 1746 2780 aliquod
1777 2672 1945 2780 quidem
1976 2672 2168 2779 spatiuma

615 2816 795 2896 relictum
831 2811 1047 2915 monstrat,
1088 2811 1157 2895 sed
1193 2831 1278 2898 tota
1308 2821 1462 2901 interna
1492 2816 1725 2923 superficies
1760 2811 2154 2920 pseudo-membra·

616 2955 679 3034 nis
709 2974 793 3034 non
822 2971 976 3038 tantum
1003 2952 1190 3060 obsessa,
1222 2953 1295 3039 sed
1329 2963 1467 3043 ulcere
1494 2933 1683 3044 cancroso
1716 2955 1827 3040 erosa
1858 2971 2048 3064 apparet..
