4794 6348
558 447 1072 543 interemtus
1129 401 1501 546 Tru-arur.
1612 485 1651 532 Α
1758 488 1812 574 39

264 657 367 769 nero
413 701 544 785 usque
583 675 633 760 ad
671 679 833 764 initium
871 668 1134 758 indurationis
1169 675 1467 781 pervenissem,
1517 655 1630 763 nullo
1677 685 1810 772 cultro

266 847 372 931 opus
395 843 502 924 erat,
531 843 575 905 et
600 845 652 904 ne
679 821 891 902 cultellum
911 810 1074 917 quidem
1105 813 1295 899 adhibere
1316 822 1462 922 potui,
1492 839 1680 904 nouerat
1702 831 1815 914 enim

265 965 340 1048 nisa
365 966 591 1049 floccorum
619 959 668 1043 ad
695 953 878 1043 instaret
909 960 1014 1039 muci
1047 953 1281 1060 substantia,
1311 983 1413 1065 quae
1439 962 1658 1074 oesophagi
1697 985 1809 1052 ante·
1917 937 1922 950 ⁹

264 1109 416 1192 tiorem
459 1121 614 1213 partem
649 1106 692 1185 in
726 1099 797 1183 suo
826 1100 901 1183 srtu
937 1102 1101 1182 naturali
1136 1097 1336 1199 servabat;
1378 1106 1511 1186 onmis
1548 1113 1675 1211 paries
1714 1131 1808 1215 pos·

261 1249 389 1330 terior
411 1251 454 1331 in
477 1247 679 1350 liquamen
704 1262 785 1325 erat
811 1238 1054 1341 dissolutus,
1084 1244 1146 1328 ita
1175 1243 1366 1347 quidem,
1397 1250 1512 1328 utin
1539 1245 1688 1334 sublata
1716 1276 1809 1359 por·

261 1390 374 1472 tione
409 1386 586 1470 indurata
619 1409 702 1468 non
731 1386 804 1468 nisr
840 1387 1069 1488 margines,
1121 1380 1337 1467 admodum
1373 1409 1395 1466 a
1433 1385 1525 1468 sarno
1561 1386 1662 1480 statu
1697 1415 1809 1476 rece·

260 1525 432 1630 dentes,
490 1534 533 1613 in
563 1530 770 1610 nonnullis
800 1527 979 1631 partibus
1015 1521 1134 1609 valde
1176 1505 1360 1628 tenues,
1399 1530 1442 1610 in
1474 1531 1560 1614 aliis
1599 1529 1719 1615 dume
1763 1554 1808 1620 et

261 1673 539 1774 emslissrmae,
570 1689 830 1777 apparerent,
861 1667 1015 1756 scilicet
1037 1664 1086 1747 ad
1108 1670 1227 1750 trium
1257 1671 1455 1772 pollicum
1485 1672 1805 1778 longitudinem

260 1810 355 1896 inde
385 1834 485 1897 vero
524 1808 574 1892 ad
611 1809 782 1894 cardiam
817 1833 942 1913 usque
979 1813 1125 1893 canalis
1174 1809 1384 1914 perfectus
1422 1813 1638 1919 manserat,
1687 1842 1809 1922 quem

262 1955 397 2038 denuo
419 1954 620 2060 separavi,
654 1973 697 2035 et
725 1972 939 2060 postquam
971 1951 1247 2060 oesophagum
1274 1975 1368 2036 cum
1389 1957 1622 2038 ventriculo
1649 1981 1807 2044 exeme-

257 2118 364 2198 tanr,
392 2119 468 2203 per
492 2092 788 2200 longitudinem
822 2094 1003 2181 dissecui.

308 2240 500 2323 Antenor
536 2239 656 2345 igitur
685 2235 918 2344 superficies
947 2240 1009 2346 ab·
1025 2243 1220 2323 interiore
1247 2255 1360 2344 parte
1395 2236 1479 2322 sola
1515 2239 1698 2348 conspici
1729 2267 1804 2351 po·

255 2383 406 2465 tostin
440 2403 486 2462 ea
515 2400 628 2486 parte
662 2378 878 2485 oesophagi
907 2378 1025 2485 hujus
1061 2381 1267 2484 morbosa,
1305 2381 1420 2486 eujus
1442 2384 1571 2485 paries
1600 2389 1804 2488 posterior

255 2519 343 2606 sere
374 2526 538 2628 penitus
573 2521 654 2606 fuit
691 2521 948 2626 consumtus,
991 2521 1102 2626 quod
1136 2521 1255 2606 facile
1292 2539 1430 2626 patet,
1477 2522 1508 2605 li
1547 2520 1800 2610 conseramus

252 2662 509 2746 latitudinem
538 2661 753 2769 superioris
795 2666 922 2770 partis
957 2665 1063 2746 bene
1098 2661 1336 2746 constitutae
1372 2686 1466 2746 eum
1500 2664 1573 2770 ipsa
1607 2670 1800 2752 continua

252 2821 363 2911 parte
398 2803 611 2906 morbosa,
647 2810 691 2889 in
730 2829 808 2910 qua
841 2805 1299 2889 observabameandem
1326 2808 1561 2906 materiem,
1594 2803 1712 2910 ipsrus
1739 2802 1800 2892 su·

250 2943 430 3054 perlieiei
458 2949 640 3028 internae
670 2947 979 3051 adhaerentem,
1020 2971 1122 3054 quae
1159 2947 1421 3052 detegebatur
1459 2945 1624 3028 effluens
1655 2949 1699 3032 in
1732 2970 1797 3046 ca·

250 3108 348 3171 vum
382 3090 590 3190 thoracis,
645 3111 770 3194 porro
807 3092 908 3173 haec
940 3117 1029 3198 pars
1063 3087 1247 3174 morbosa
1276 3085 1498 3194 oesophagi
1528 3107 1610 3170 erat
1636 3087 1799 3194 prorsus

251 3251 325 3335 per
361 3253 527 3312 omnem
565 3250 737 3316 tractum
764 3231 827 3315 sua
856 3237 1012 3316 interna
1037 3237 1170 3316 tunica
1195 3237 1351 3339 privata
1378 3249 1421 3312 et
1447 3228 1583 3332 erosa,
1615 3233 1797 3314 omnium

249 3368 538 3476 subjacentium
558 3377 784 3456 tunicarum
812 3371 1026 3458 substmtia
1048 3373 1252 3473 indurata,
1281 3375 1324 3454 in
1348 3373 1552 3454 nonnullis
1580 3372 1680 3452 loeis
1707 3391 1796 3452 cor·

247 3507 358 3610 rosa,
397 3515 442 3593 in
473 3513 561 3595 aliis
596 3516 727 3594 multo
764 3513 954 3615 crassior,
999 3540 1115 3616 quam
1159 3513 1265 3594 solet
1303 3509 1412 3606 esse;
1464 3507 1513 3590 ad
1545 3507 1792 3612 superiorem

246 3674 350 3734 vero
373 3669 523 3756 partem
562 3655 634 3762 ipsr
671 3653 825 3760 adjacet
858 3651 1039 3760 glandula
1072 3654 1281 3751 coerulea,
1317 3645 1411 3728 dura
1440 3663 1484 3726 et
1516 3643 1791 3748 magnitudine

246 3813 386 3896 aucta,
415 3791 511 3876 inde
540 3798 583 3880 in
613 3793 755 3876 eadem
781 3816 893 3900 parte
930 3795 1069 3880 dextra
1094 3813 1265 3904 apparet
1298 3785 1512 3872 substantia
1536 3786 1653 3870 valde
1684 3785 1790 3872 solu·

247 3951 287 4014 ta
312 3950 354 4014 et
379 3930 488 4016 facta
514 3935 761 4040 tenuissrma,
800 3933 995 4020 inferiora
1028 3936 1166 4024 versus
1197 3939 1323 4044 magis
1351 3947 1509 4014 tarment
1536 3932 1698 4014 tunicae
1729 3931 1790 4014 in·

246 4069 409 4156 &rarae
432 4073 482 4156 ad
507 4075 681 4160 cardiam
707 4097 749 4158 et
773 4081 986 4163 ventriculi
1014 4082 1172 4164 initium
1196 4098 1338 4182 usque.

302 4215 369 4298 Ad
397 4218 592 4301 linistram
616 4237 771 4325 partem
792 4239 838 4302 et
862 4224 981 4302 trium
1001 4219 1218 4323 digitorum
1251 4211 1505 4298 latitudinem
1526 4213 1650 4314 magis
1669 4214 1787 4294 etiam

242 4360 497 4446 ulceratione
524 4377 740 4448 umnuata
768 4356 979 4444 substantia
1012 4359 1242 4441 tunicamm
1275 4368 1382 4448 erats
1422 4350 1488 4432 hic
1518 4369 1655 4430 autem
1695 4373 1789 4456 pro·

241 4502 423 4584 minabat
443 4525 593 4606 eorpus
614 4505 804 4607 cmslius,
844 4503 1144 4586 molliusculurn
1178 4514 1221 4578 et
1249 4496 1400 4576 leviter
1433 4488 1656 4570 cohaerens
1690 4511 1785 4576 cum

183 4671 188 4676 ·
242 4615 432 4747 opposrn'
458 4645 593 4730 lateris
622 4665 761 4754 parte3
801 4643 906 4731 iussa
938 4666 1038 4730 uero
1071 4644 1153 4725 hoc
1181 4634 1322 4720 mdem
1355 4629 1521 4716 durities
1560 4633 1786 4718 tunicarum

241 4780 300 4863 ld*
314 4783 517 4891 cuman,
545 4805 597 4873 ee
616 4791 805 4897 qumvis
814 4789 883 4876 laic
906 4791 997 4872 luci
1018 4783 1274 4894 oesophagus
1302 4795 1389 4864 nou
1422 4769 1529 4860 esset
1555 4769 1785 4895 disruptus,

1469 4937 1597 5020 ιω
