4774 6330
515 433 1026 536 Fascrcusus
1089 448 1521 542 Steuuuus.
1750 493 1806 576 49

257 1114 667 1208 aasaurarro
699 1123 1131 1215 nrsruaoraa
1165 1131 1568 1254 enarramus
1601 1143 1819 1237 narem.
1990 1129 1995 1140 ’

323 1265 708 1358 ΝΕΚΑΤΙΟΝΕ
747 1267 1014 1359 ΜΕΠΙΑΕ
1050 1273 1298 1416 ῬΑΗΤΙᾸῩ
1341 1283 1739 1397 OESOPHAGI,

439 1417 519 1506 IN
564 1419 714 1507 Villo
760 1423 1248 1524 QUINQUAGINTA
1294 1426 1619 1523 Arun'olwnt.

678 1935 1362 2032 TABULAXIL

300 2465 474 2614 Hicce
521 2524 647 2607 homo
696 2523 880 2630 quotidie
925 2523 1086 2631 spiritus
1132 2524 1310 2630 juniperi
1352 2523 1539 2632 simplicis
1586 2527 1797 2616 modicam.

244 2667 406 2772 quidem
450 2657 715 2772 quantitatem
758 2663 927 2766 sumfit,
983 2683 1186 2765 nunquam
1220 2685 1318 2748 vero
1358 2669 1483 2749 nimio
1536 2664 1609 2748 usu
1654 2669 1783 2749 ebrio-

240 2803 334 2908 sus,
400 2825 535 2916 egerat
574 2810 699 2890 vitam
741 2799 1004 2888 sedentariam
1042 2821 1085 2884 et
1126 2801 1258 2888 suerat
1308 2803 1495 2912 perfecte
1545 2805 1661 2890 sanus
1709 2835 1777 2892 us·

239 2971 317 3052 que
362 2948 412 3029 ad
457 2971 601 3032 annum
647 2945 1173 3062 duodequinquagesrmum,
1225 2967 1306 3050 quo
1349 2947 1463 3028 initia
1504 2950 1601 3032 mali
1643 2971 1781 3054 perce-

238 3090 310 3192 pit.
379 3089 517 3198 Quum
555 3087 672 3195 saepe
709 3107 849 3173 contra
877 3085 1117 3171 descensum
1149 3089 1450 3188 alimentorum,
1482 3109 1584 3191 quae
1619 3087 1669 3172 ad
1693 3113 1790 3182 me-,

236 3227 340 3312 diam
370 3230 540 3311 thoracis
572 3233 844 3335 posteriorem
873 3245 1028 3334 partem
1070 3221 1321 3310 obstaculum
1357 3225 1640 3331 offendebant,
1677 3251 1777 3311 verr-
1826 3221 1834 3236 '

232 3371 397 3452 triculus
432 3369 547 3453 flatus
587 3369 790 3476 superiora
838 3369 977 3454 versus
1023 3370 1230 3474 expellere
1283 3385 1523 3472 conaretur,
1574 3389 1618 3452 et
1661 3371 1777 3456 simul

231 3511 404 3592 multum
443 3513 553 3594 muci
592 3514 671 3592 oris
709 3515 923 3594 cavitatem
952 3507 1089 3593 versus
1124 3507 1480 3611 determinaretur,
1513 3512 1671 3612 putavit
1697 3507 1771 3590 ho·

229 3670 326 3753 mo,
355 3671 519 3734 mucum
555 3665 737 3734 tenacem
768 3649 924 3735 causam
957 3649 1072 3754 esse,
1116 3672 1188 3732 cur
1215 3671 1305 3732 non
1338 3646 1441 3730 adeo
1474 3647 1594 3732 facile
1630 3647 1768 3755 deglu-

227 3796 303 3875 tire
320 3777 470 3896 ¹posset
495 3803 615 3894 atque
645 3812 787 3896 antea,
818 3809 860 3874 et
883 3793 1028 3893 flatus,
1051 3794 1095 3876 in
1118 3792 1350 3874 ventriculo
1387 3786 1638 3896 praesentes,
1668 3813 1771 3894 quo-

226 3953 303 4035 que
331 3929 442 4014 suum
465 3930 676 4035 conferre,
712 3931 761 4014 ad
793 3930 1029 4016 descensum
1063 3933 1348 4015 alimentorum
1379 3929 1646 4015 difficiliorem
1675 3929 1772 4026 red,

226 4067 429 4173 dendum3
484 4095 562 4178 qua
597 4089 763 4182 propter
802 4097 969 4156 amaram
1013 4069 1210 4180 quandam
1253 4076 1466 4155 mixturam
1514 4070 1762 4178 spirituosam

222 4189 474 4298 aromaticam
505 4215 791 4298 carminantem
833 4213 986 4298 addidit
1014 4213 1088 4295 suo
1134 4210 1371 4315 quotidiano
1408 4212 1567 4293 haustui
1599 4209 1760 4313 junipe-

221 4331 281 4455 ri,
319 4375 400 4460 quo
429 4351 588 4458 sumto,
630 4355 791 4461 putabat
827 4375 950 4454 mox,
1002 4354 1302 4451 ventriculum,
1337 4368 1422 4426 non
1458 4343 1558 4457 adeo
1601 4345 1764 4447 flatibus,

215 4493 459 4610 enpansum,
482 4491 639 4582 facilius
662 4500 942 4578 alimentorum
970 4491 1204 4575 descensum
1228 4490 1466 4598 permittere
1481 4548 1495 4588 ,
1510 4485 1607 4569 dum
1633 4489 1754 4592 pitui-

211 4625 278 4720 tae
315 4639 497 4724 excretio
529 4640 649 4726 etiam
680 4639 807 4720 minui
838 4632 1350 4734 videbatu13nonautem
1381 4623 1585 4736 diuillud
1619 4624 1759 4734 symp-‚

1456 4795 1482 4875 7
