4774 6330
595 457 1103 548 Fas-crcurus
1161 459 1473 545 Paratus.
1768 487 1815 574 17

276 703 364 768 non
384 677 491 766 aliud
519 681 618 788 quid
648 683 745 766 haec
775 677 902 766 effusa
932 682 1120 764 materies
1152 681 1251 763 mihi
1283 681 1363 802 dici
1390 683 1534 789 possrt,
1564 701 1685 786 quam
1713 687 1814 790 lym-

275 828 355 932 pha
379 827 646 932 coagulabilis.

278 969 291 992 '
337 965 548 1076 Quaenam
575 983 706 1050 autem
731 961 779 1046 srt
801 963 912 1047 causa
942 983 1074 1050 tantae
1106 965 1340 1052 diversatatis
1362 971 1405 1049 in
1425 965 1731 1076 reproductivae
1753 974 1814 1054 vis
1894 1045 1898 1050 .

278 1105 523 1212 effectibus,
561 1107 725 1194 difficile
762 1105 978 1191 admodum
1014 1112 1240 1216 explicatu,
1284 1124 1328 1191 et
1366 1131 1450 1190 non
1481 1109 1555 1191 nisr
1589 1131 1638 1189 ex
1675 1111 1817 1213 proba-

277 1247 425 1332 bilibus
451 1249 694 1355 conjectun's
724 1247 1025 1354 quodammodo
1056 1250 1364 1356 intelligendum
1394 1250 1567 1334 videtur.

328 1391 466 1474 Primo
494 1390 682 1497 quidem,
714 1396 775 1476 uti
798 1397 841 1475 in
867 1391 1032 1477 diversis
1065 1390 1419 1476 constitutionibus
1439 1394 1624 1497 corporis
1655 1395 1697 1472 in
1725 1390 1822 1473 sano

276 1526 404 1634 statu,
444 1529 596 1616 diversa
629 1551 692 1615 est
723 1531 937 1617 fluidorum
966 1535 1080 1618 crasrs
1109 1555 1152 1617 et
1189 1533 1366 1618 diversus
1404 1533 1620 1616 solidorum
1652 1536 1812 1617 habitus

278 1693 399 1779 atque
433 1667 710 1778 confistentia,
746 1679 801 1758 ita
829 1695 874 1759 ut
900 1678 966 1758 hic
996 1678 1114 1781 laxis,
1144 1677 1213 1757 ille
1248 1673 1384 1758 solidis
1421 1673 1529 1758 fibris
1564 1675 1614 1757 fit
1648 1671 1812 1755 instruc·

278 1816 449 1916 tus3s1c
482 1817 583 1898 haec
616 1814 825 1923 disposrtio
860 1820 903 1898 in
936 1814 1037 1900 statu
1076 1815 1264 1902 morboso
1304 1819 1423 1900 etiam
1467 1816 1813 1900 suuminlluxum

279 1959 398 2040 habet
452 1961 496 2040 in
539 1955 722 2042 vasorum
770 1964 976 2043 actionem
1018 1962 1251 2060 incitatam,
1314 1981 1415 2064 quae
1460 1955 1561 2038 vero
1606 1975 1815 2060 praeterea

279 2095 576 2202 remediorum,
604 2087 826 2206 aegrotanti
846 2103 1204 2208 praescriptorum,
1232 2099 1384 2184 diversa
1402 2118 1542 2181 natura
1577 2095 1813 2200 diversaque

276 2244 383 2321 vitae
410 2263 530 2345 quam
557 2239 787 2326 observavit
813 2245 966 2324 ratione
1002 2247 1121 2326 etiam
1153 2267 1270 2346 quam
1296 2245 1464 2324 maxime
1492 2242 1634 2320 mutari
1660 2255 1811 2342 potest.

277 2383 410 2461 Aliter
435 2381 649 2468 verisimile
673 2387 715 2466 in
751 2403 928 2466 naturam
956 2387 1159 2491 partium,
1189 2387 1331 2466 morbo
1361 2383 1667 2468 inflammatorio
1693 2376 1813 2460 affcc-

279 2544 432 2628 tarum,
461 2543 585 2632 agunt
610 2526 786 2612 remedia
807 2524 923 2612 solita
948 2527 1293 2632 antiphlogistica,
1322 2527 1382 2606 uti
1418 2524 1615 2632 sanguinis
1648 2544 1815 2605 evacua·

280 2673 413 2750 tiones
430 2667 649 2770 indicatae,
664 2668 809 2774 Julapia
830 2655 998 2773 nitroso,
1014 2671 1230 2772 diluentia,
1254 2669 1552 2768 demulcentia,
1571 2685 1615 2747 et
1637 2663 1813 2770 prudens

277 2813 481 2914 regiminis
507 2809 701 2915 directi0,
718 2832 836 2916 atque
859 2815 1044 2919 neglecta
1067 2816 1188 2917 hacc,
1203 2817 1275 2898 vel
1294 2814 1518 2916 ignorantia
1541 2809 1721 2912 aegroti,
1742 2806 1814 2886 vel

275 2947 455 3048 medici,
485 2955 554 3054 qui
581 2955 766 3036 morbum
797 2954 903 3037 forte
931 2960 975 3038 in
993 2959 1111 3038 initio
1134 2980 1221 3037 non
1253 2973 1364 3040 recte
1396 2957 1661 3058 cognoverim
1695 2952 1811 3030 aliter

272 3117 376 3178 vero
402 3099 525 3178 etiam
546 3097 590 3176 in
613 3095 739 3180 solida
761 3117 801 3179 et
818 3099 939 3184 fluida
962 3117 1104 3204 agunt,
1133 3102 1238 3204 larga
1261 3095 1366 3198 dosr,
1381 3098 1449 3179 vel
1473 3092 1584 3199 justo
1606 3113 1810 3196 tempore,

272 3239 342 3318 vel
367 3231 475 3316 forte
500 3255 591 3320 ante
619 3236 772 3342 justum
800 3239 1244 3350 tempus,praescripta
1262 3236 1437 3322 remedia
1462 3234 1815 3318 mercurialiacum

277 3383 398 3483 opio;
422 3379 503 3460 hoc
521 3382 630 3463 enim
648 3380 821 3463 semndo
843 3381 1026 3466 vasorum
1045 3385 1313 3466 exhalantium
1336 3385 1548 3486 impetum,
1564 3382 1630 3460 illa
1643 3377 1810 3458 incitan-

277 3518 330 3598 do
354 3515 651 3602 absorbentium
672 3526 900 3628 actionem,
933 3529 974 3607 in
996 3529 1063 3608 illa
1088 3546 1249 3610 naturae
1277 3527 1542 3630 operatione,
1572 3545 1649 3624 qua
1678 3524 1720 3600 in
1751 3522 1810 3598 in-

275 3661 612 3744 flammationibus
636 3663 720 3746 suas
746 3668 855 3749 vires
884 3685 1073 3772 exercet,
1090 3692 1277 3774 magnas,
1296 3689 1367 3772 pro
1390 3663 1648 3770 dispositione
1672 3680 1811 3766 aegro·

276 3804 445 3884 tantiam
473 3801 646 3907 diversa,
679 3811 917 3890 mutationes
949 3808 1177 3916 producere
1208 3807 1388 3918 possunt.

332 3945 465 4050 Hujus
490 3951 551 4029 vis
588 3947 895 4053 reproductivae
931 3951 1105 4036 effectus
1144 3972 1188 4035 et
1222 3957 1392 4035 varietas
1433 3949 1608 4028 cernitur
1650 3949 1808 4048 egregie

278 4088 320 4166 in
346 4084 563 4192 specimine
590 4089 852 4195 pathologico
874 4090 1075 4194 sequenti,
1107 4091 1252 4197 dequo
1278 4109 1440 4199 propter
1466 4088 1808 4193 pulchritudinem

274 4245 320 4308 et
343 4231 558 4311 utilitatem
586 4235 706 4313 etiam
729 4234 1047 4338 physiologicam
1070 4239 1178 4316 inter
1203 4234 1423 4338 specimina
1445 4228 1743 4334 physiologica,
1758 4224 1809 4306 ad

223 4454 230 4468 ,
275 4363 528 4451 functionem
557 4375 794 4476 pulmonum
831 4372 1068 4480 explicanda
1094 4381 1214 4458 etiarn
1244 4379 1381 4479 utilia,
1414 4375 1568 4456 mentio
1589 4367 1697 4452 facta
1719 4390 1804 4472 est,

275 4512 319 4588 in
341 4505 627 4615 Descrrptt'onis
660 4513 786 4594 nostri
810 4509 941 4624 Musei
965 4509 1038 4598 N0.
1072 4543 1137 4622 50.
1183 4517 1231 4599 In
1258 4517 1331 4598 hac
1361 4533 1474 4620 parte
1500 4512 1731 4620 pulmonis,
1763 4515 1806 4594 in

266 4648 387 4755 cujus
412 4655 634 4735 membrana
670 4675 837 4739 externa
866 4661 1086 4754 vehemens
1122 4660 1381 4746 inflammatio
1419 4659 1557 4739 locum
1588 4657 1804 4757 habuerat,

1528 4824 1549 4904 3
