<?xml version="1.0" encoding="UTF-8"?>
<!DOCTYPE html PUBLIC "-//W3C//DTD XHTML 1.0 Transitional//EN"
    "http://www.w3.org/TR/xhtml1/DTD/xhtml1-transitional.dtd">
<html xmlns="http://www.w3.org/1999/xhtml" xml:lang="en" lang="en">
 <head>
  <title>
</title>
<meta http-equiv="Content-Type" content="text/html;charset=utf-8" />
  <meta name='ocr-system' content='tesseract 3.04.00' />
  <meta name='ocr-capabilities' content='ocr_page ocr_carea ocr_par ocr_line ocrx_word'/>
</head>
<body>
  <div class='ocr_page' id='page_1' title='image "./iconesanatomico01bleugoog_0044.png"; bbox 0 0 4774 6330; ppageno 0'>
   <div class='ocr_carea' id='block_1_1' title="bbox 410 442 1809 560">
    <p class='ocr_par' dir='ltr' id='par_1_1' title="bbox 410 442 1809 560">
     <span class='ocr_line' id='line_1_1' title="bbox 410 442 1809 560; baseline -0.011 -18"><span class='ocrx_word' id='word_1_1' title='bbox 410 454 1026 542; x_wconf 60' lang='lat' dir='ltr'><strong>&#39;&#39;Fascrcunus</strong></span> <span class='ocrx_word' id='word_1_2' title='bbox 1089 442 1579 532; x_wconf 68' lang='lat' dir='ltr'><strong>Saenianus.</strong></span> <span class='ocrx_word' id='word_1_3' title='bbox 1756 463 1809 560; x_wconf 74' lang='lat'><strong>‚³7</strong></span> 
     </span>
    </p>
   </div>
   <div class='ocr_carea' id='block_1_2' title="bbox 535 688 1499 1018">
    <p class='ocr_par' dir='ltr' id='par_1_2' title="bbox 535 688 1499 1018">
     <span class='ocr_line' id='line_1_2' title="bbox 564 688 1499 790; baseline -0.013 0"><span class='ocrx_word' id='word_1_4' title='bbox 564 705 605 790; x_wconf 90' lang='grc' dir='ltr'>Ε</span> <span class='ocrx_word' id='word_1_5' title='bbox 666 701 713 789; x_wconf 84' lang='grc' dir='ltr'>Χ</span> <span class='ocrx_word' id='word_1_6' title='bbox 776 703 815 787; x_wconf 84' lang='grc' dir='ltr'>Ρ</span> <span class='ocrx_word' id='word_1_7' title='bbox 878 698 917 785; x_wconf 87' lang='lat' dir='ltr'>L</span> <span class='ocrx_word' id='word_1_8' title='bbox 976 699 1003 786; x_wconf 90' lang='lat' dir='ltr'>l</span> <span class='ocrx_word' id='word_1_9' title='bbox 1067 694 1101 782; x_wconf 85' lang='lat' dir='ltr'>C</span> <span class='ocrx_word' id='word_1_10' title='bbox 1166 697 1205 782; x_wconf 87' lang='grc' dir='ltr'><strong>Α</strong></span> <span class='ocrx_word' id='word_1_11' title='bbox 1268 693 1309 780; x_wconf 89' lang='grc' dir='ltr'>Τ</span> <span class='ocrx_word' id='word_1_12' title='bbox 1370 688 1499 780; x_wconf 92' lang='lat'><strong>10</strong></span> 
     </span>
     <span class='ocr_line' id='line_1_3' title="bbox 535 919 1439 1018; baseline -0.01 -9"><span class='ocrx_word' id='word_1_13' title='bbox 535 953 540 960; x_wconf 90' lang='lat'>·</span> <span class='ocrx_word' id='word_1_14' title='bbox 627 927 693 1008; x_wconf 70' lang='grc' dir='ltr'><strong>’Τ</strong></span> <span class='ocrx_word' id='word_1_15' title='bbox 754 922 1072 1018; x_wconf 61' lang='lat' dir='ltr'>A‘BJU&#39;L</span> <span class='ocrx_word' id='word_1_16' title='bbox 1126 921 1255 1005; x_wconf 88' lang='lat' dir='ltr'><strong>A··E</strong></span> <span class='ocrx_word' id='word_1_17' title='bbox 1342 919 1439 1000; x_wconf 85' lang='lat' dir='ltr'>VII.</span> 
     </span>
    </p>
   </div>
   <div class='ocr_carea' id='block_1_3' title="bbox 857 1179 1226 1267">
    <p class='ocr_par' dir='ltr' id='par_1_3' title="bbox 857 1179 1226 1267">
     <span class='ocr_line' id='line_1_4' title="bbox 857 1179 1226 1267; baseline -0.014 0"><span class='ocrx_word' id='word_1_18' title='bbox 857 1179 1080 1267; x_wconf 87' lang='lat' dir='ltr'><strong>FIG.</strong></span> <span class='ocrx_word' id='word_1_19' title='bbox 1193 1181 1226 1263; x_wconf 91' lang='grc' dir='ltr'><strong>Ι.</strong></span> 
     </span>
    </p>
   </div>
   <div class='ocr_carea' id='block_1_4' title="bbox 253 1437 1815 2955">
    <p class='ocr_par' dir='ltr' id='par_1_4' title="bbox 253 1437 1809 1804">
     <span class='ocr_line' id='line_1_5' title="bbox 316 1437 1809 1540; baseline -0.005 -18"><span class='ocrx_word' id='word_1_20' title='bbox 316 1437 506 1522; x_wconf 86' lang='lat' dir='ltr'><strong>Pleuram</strong></span> <span class='ocrx_word' id='word_1_21' title='bbox 547 1438 820 1522; x_wconf 83' lang='lat' dir='ltr'><strong>membranam</strong></span> <span class='ocrx_word' id='word_1_22' title='bbox 848 1437 1039 1536; x_wconf 85' lang='lat' dir='ltr'>exhibet,</span> <span class='ocrx_word' id='word_1_23' title='bbox 1082 1440 1288 1540; x_wconf 87' lang='lat' dir='ltr'><strong>periosteo</strong></span> <span class='ocrx_word' id='word_1_24' title='bbox 1334 1453 1530 1517; x_wconf 86' lang='lat' dir='ltr'><strong>costamm</strong></span> <span class='ocrx_word' id='word_1_25' title='bbox 1566 1452 1608 1515; x_wconf 87' lang='lat' dir='ltr'><strong>ct</strong></span> <span class='ocrx_word' id='word_1_26' title='bbox 1648 1458 1809 1516; x_wconf 85' lang='lat' dir='ltr'><strong>muscu-</strong></span> 
     </span>
     <span class='ocr_line' id='line_1_6' title="bbox 253 1572 1809 1696; baseline -0.006 -32"><span class='ocrx_word' id='word_1_27' title='bbox 253 1584 307 1664; x_wconf 89' lang='lat' dir='ltr'><strong>lis</strong></span> <span class='ocrx_word' id='word_1_28' title='bbox 372 1582 717 1696; x_wconf 33' lang='lat' dir='ltr'><strong>intercostalibus&#39;·</strong></span> <span class='ocrx_word' id='word_1_29' title='bbox 744 1577 1008 1684; x_wconf 84' lang='lat' dir='ltr'><strong>separatam,</strong></span> <span class='ocrx_word' id='word_1_30' title='bbox 1041 1572 1263 1690; x_wconf 87' lang='lat' dir='ltr'><strong>praegressa</strong></span> <span class='ocrx_word' id='word_1_31' title='bbox 1318 1577 1632 1660; x_wconf 85' lang='lat' dir='ltr'><strong>inflammatione</strong></span> <span class='ocrx_word' id='word_1_32' title='bbox 1691 1597 1809 1679; x_wconf 87' lang='lat' dir='ltr'><strong>quam</strong></span> 
     </span>
     <span class='ocr_line' id='line_1_7' title="bbox 255 1703 1041 1804; baseline -0.006 0"><span class='ocrx_word' id='word_1_33' title='bbox 255 1725 438 1804; x_wconf 88' lang='lat' dir='ltr'><strong>maxime</strong></span> <span class='ocrx_word' id='word_1_34' title='bbox 466 1717 617 1803; x_wconf 84' lang='lat' dir='ltr'><strong>astato</strong></span> <span class='ocrx_word' id='word_1_35' title='bbox 646 1718 740 1802; x_wconf 86' lang='lat' dir='ltr'><strong>sano</strong></span> <span class='ocrx_word' id='word_1_36' title='bbox 770 1703 1041 1802; x_wconf 87' lang='lat' dir='ltr'><strong>recedentem.</strong></span> 
     </span>
    </p>

    <p class='ocr_par' dir='ltr' id='par_1_5' title="bbox 322 1856 1809 1976">
     <span class='ocr_line' id='line_1_8' title="bbox 322 1856 1809 1976; baseline 0 -34"><span class='ocrx_word' id='word_1_37' title='bbox 322 1884 381 1944; x_wconf 82' lang='lat' dir='ltr'><strong>aa</strong></span> <span class='ocrx_word' id='word_1_38' title='bbox 409 1865 595 1970; x_wconf 84' lang='lat' dir='ltr'><strong>Superior</strong></span> <span class='ocrx_word' id='word_1_39' title='bbox 630 1886 717 1976; x_wconf 81' lang='lat' dir='ltr'><strong>pars</strong></span> <span class='ocrx_word' id='word_1_40' title='bbox 747 1858 839 1945; x_wconf 89' lang='lat' dir='ltr'><strong>satis</strong></span> <span class='ocrx_word' id='word_1_41' title='bbox 874 1861 1005 1966; x_wconf 84' lang='lat' dir='ltr'><strong>glabra</strong></span> <span class='ocrx_word' id='word_1_42' title='bbox 1051 1877 1093 1941; x_wconf 91' lang='lat' dir='ltr'><strong>et</strong></span> <span class='ocrx_word' id='word_1_43' title='bbox 1129 1881 1212 1939; x_wconf 91' lang='lat' dir='ltr'><strong>non</strong></span> <span class='ocrx_word' id='word_1_44' title='bbox 1253 1856 1468 1942; x_wconf 90' lang='lat' dir='ltr'><strong>admodum</strong></span> <span class='ocrx_word' id='word_1_45' title='bbox 1503 1856 1669 1941; x_wconf 89' lang='lat' dir='ltr'><strong>firmiter</strong></span> <span class='ocrx_word' id='word_1_46' title='bbox 1717 1883 1809 1942; x_wconf 88' lang='lat' dir='ltr'><strong>cum</strong></span> 
     </span>
    </p>

    <p class='ocr_par' dir='ltr' id='par_1_6' title="bbox 276 1999 1815 2955">
     <span class='ocr_line' id='line_1_9' title="bbox 406 1999 1812 2109; baseline -0.002 -25"><span class='ocrx_word' id='word_1_47' title='bbox 406 2003 683 2109; x_wconf 85' lang='lat' dir='ltr'><strong>adjacentibus</strong></span> <span class='ocrx_word' id='word_1_48' title='bbox 717 2005 892 2109; x_wconf 88' lang='lat' dir='ltr'><strong>partibus</strong></span> <span class='ocrx_word' id='word_1_49' title='bbox 933 2019 1149 2102; x_wconf 82' lang='lat' dir='ltr'><strong>concreta3</strong></span> <span class='ocrx_word' id='word_1_50' title='bbox 1196 2000 1415 2087; x_wconf 89' lang='lat' dir='ltr'><strong>crassrtiem</strong></span> <span class='ocrx_word' id='word_1_51' title='bbox 1459 2023 1559 2084; x_wconf 88' lang='lat' dir='ltr'><strong>vero</strong></span> <span class='ocrx_word' id='word_1_52' title='bbox 1597 1999 1685 2082; x_wconf 86' lang='lat' dir='ltr'><strong>fere</strong></span> <span class='ocrx_word' id='word_1_53' title='bbox 1717 2024 1812 2082; x_wconf 86' lang='lat' dir='ltr'><strong>ean-</strong></span> 
     </span>
     <span class='ocr_line' id='line_1_10' title="bbox 411 2139 1694 2249; baseline -0.002 -24"><span class='ocrx_word' id='word_1_54' title='bbox 411 2143 502 2226; x_wconf 89' lang='lat' dir='ltr'><strong>dem</strong></span> <span class='ocrx_word' id='word_1_55' title='bbox 531 2145 680 2246; x_wconf 86' lang='lat' dir='ltr'><strong>habet,</strong></span> <span class='ocrx_word' id='word_1_56' title='bbox 711 2163 828 2249; x_wconf 90' lang='lat' dir='ltr'><strong>atque</strong></span> <span class='ocrx_word' id='word_1_57' title='bbox 857 2146 991 2227; x_wconf 88' lang='lat' dir='ltr'><strong>vicina</strong></span> <span class='ocrx_word' id='word_1_58' title='bbox 1015 2160 1058 2226; x_wconf 91' lang='lat' dir='ltr'><strong>et</strong></span> <span class='ocrx_word' id='word_1_59' title='bbox 1094 2139 1278 2225; x_wconf 84' lang='lat' dir='ltr'><strong>inferior.</strong></span> <span class='ocrx_word' id='word_1_60' title='bbox 1691 2229 1694 2232; x_wconf 66' lang='grc'><strong>,</strong></span> 
     </span>
     <span class='ocr_line' id='line_1_11' title="bbox 276 2281 1811 2402; baseline 0.005 -41"><span class='ocrx_word' id='word_1_61' title='bbox 276 2391 284 2402; x_wconf 28' lang='grc'><em>·</em></span> <span class='ocrx_word' id='word_1_62' title='bbox 327 2281 380 2362; x_wconf 89' lang='lat' dir='ltr'><strong>bb</strong></span> <span class='ocrx_word' id='word_1_63' title='bbox 408 2283 660 2368; x_wconf 89' lang='lat' dir='ltr'><strong>Eminentiae</strong></span> <span class='ocrx_word' id='word_1_64' title='bbox 686 2283 826 2388; x_wconf 89' lang='lat' dir='ltr'><strong>durae,</strong></span> <span class='ocrx_word' id='word_1_65' title='bbox 858 2309 969 2389; x_wconf 86' lang='lat' dir='ltr'><strong>quae·</strong></span> <span class='ocrx_word' id='word_1_66' title='bbox 986 2284 1148 2369; x_wconf 90' lang='lat' dir='ltr'><strong>firmiter</strong></span> <span class='ocrx_word' id='word_1_67' title='bbox 1172 2309 1265 2366; x_wconf 88' lang='lat' dir='ltr'><strong>cum</strong></span> <span class='ocrx_word' id='word_1_68' title='bbox 1291 2287 1416 2368; x_wconf 84' lang='lat' dir='ltr'><strong>costis</strong></span> <span class='ocrx_word' id='word_1_69' title='bbox 1446 2303 1558 2367; x_wconf 86' lang='lat' dir='ltr'><strong>erant</strong></span> <span class='ocrx_word' id='word_1_70' title='bbox 1580 2301 1811 2370; x_wconf 85' lang='lat' dir='ltr'><strong>concretae.</strong></span> 
     </span>
     <span class='ocr_line' id='line_1_12' title="bbox 334 2426 1812 2533; baseline 0.003 -27"><span class='ocrx_word' id='word_1_71' title='bbox 334 2443 380 2506; x_wconf 87' lang='lat' dir='ltr'><strong>cc</strong></span> <span class='ocrx_word' id='word_1_72' title='bbox 407 2428 708 2533; x_wconf 81' lang='lat' dir='ltr'><strong>inaequalitates</strong></span> <span class='ocrx_word' id='word_1_73' title='bbox 735 2430 1036 2532; x_wconf 85' lang='lat' dir='ltr'><strong>cartilagineae,</strong></span> <span class='ocrx_word' id='word_1_74' title='bbox 1074 2452 1174 2532; x_wconf 82' lang='lat' dir='ltr'><strong>quoe</strong></span> <span class='ocrx_word' id='word_1_75' title='bbox 1212 2450 1299 2507; x_wconf 90' lang='lat' dir='ltr'><strong>non</strong></span> <span class='ocrx_word' id='word_1_76' title='bbox 1323 2426 1406 2508; x_wconf 86' lang='lat' dir='ltr'><strong>stne</strong></span> <span class='ocrx_word' id='word_1_77' title='bbox 1442 2427 1615 2510; x_wconf 80' lang='lat' dir='ltr'><strong>laesione</strong></span> <span class='ocrx_word' id='word_1_78' title='bbox 1649 2453 1672 2509; x_wconf 86' lang='lat' dir='ltr'><strong>a</strong></span> <span class='ocrx_word' id='word_1_79' title='bbox 1706 2429 1812 2510; x_wconf 85' lang='lat' dir='ltr'><strong>nru&#39;s·</strong></span> 
     </span>
     <span class='ocr_line' id='line_1_13' title="bbox 277 2565 1815 2676; baseline 0.001 -27"><span class='ocrx_word' id='word_1_80' title='bbox 277 2659 282 2670; x_wconf 49' lang='lat'><em>‚</em></span> <span class='ocrx_word' id='word_1_81' title='bbox 410 2574 509 2653; x_wconf 85' lang='lat' dir='ltr'><strong>culis</strong></span> <span class='ocrx_word' id='word_1_82' title='bbox 543 2570 869 2652; x_wconf 89' lang='lat' dir='ltr'><strong>intercostalibns</strong></span> <span class='ocrx_word' id='word_1_83' title='bbox 910 2565 1076 2673; x_wconf 89' lang='lat' dir='ltr'><strong>separari</strong></span> <span class='ocrx_word' id='word_1_84' title='bbox 1106 2589 1355 2676; x_wconf 86' lang='lat' dir='ltr'><strong>potuerunt,</strong></span> <span class='ocrx_word' id='word_1_85' title='bbox 1392 2571 1452 2651; x_wconf 90' lang='lat' dir='ltr'><strong>uti</strong></span> <span class='ocrx_word' id='word_1_86' title='bbox 1492 2569 1815 2676; x_wconf 89' lang='lat' dir='ltr'><strong>pseudo-mem·</strong></span> 
     </span>
     <span class='ocr_line' id='line_1_14' title="bbox 279 2709 1812 2822; baseline 0 -33"><span class='ocrx_word' id='word_1_87' title='bbox 279 2813 284 2822; x_wconf 20' lang='lat'>⁸</span> <span class='ocrx_word' id='word_1_88' title='bbox 412 2711 578 2812; x_wconf 84' lang='lat' dir='ltr'><strong>branae,</strong></span> <span class='ocrx_word' id='word_1_89' title='bbox 609 2709 755 2815; x_wconf 89' lang='lat' dir='ltr'><strong>quibus</strong></span> <span class='ocrx_word' id='word_1_90' title='bbox 784 2732 876 2792; x_wconf 88' lang='lat' dir='ltr'><strong>cum</strong></span> <span class='ocrx_word' id='word_1_91' title='bbox 900 2725 1099 2794; x_wconf 70' lang='lat' dir='ltr'><strong>costarum</strong></span> <span class='ocrx_word' id='word_1_92' title='bbox 1126 2712 1336 2818; x_wconf 87' lang='lat' dir='ltr'><strong>periosteo</strong></span> <span class='ocrx_word' id='word_1_93' title='bbox 1364 2710 1465 2790; x_wconf 86' lang='lat' dir='ltr'><strong>haec</strong></span> <span class='ocrx_word' id='word_1_94' title='bbox 1490 2713 1717 2792; x_wconf 84' lang='lat' dir='ltr'><strong>membrana</strong></span> <span class='ocrx_word' id='word_1_95' title='bbox 1742 2709 1812 2791; x_wconf 90' lang='lat' dir='ltr'><strong>de·</strong></span> 
     </span>
     <span class='ocr_line' id='line_1_15' title="bbox 413 2847 1640 2955; baseline 0.005 -27"><span class='ocrx_word' id='word_1_96' title='bbox 413 2867 597 2955; x_wconf 83' lang='lat' dir='ltr'><strong>generata</strong></span> <span class='ocrx_word' id='word_1_97' title='bbox 620 2847 885 2954; x_wconf 86' lang='lat' dir='ltr'><strong>cohaerebat,</strong></span> <span class='ocrx_word' id='word_1_98' title='bbox 918 2858 1040 2938; x_wconf 90' lang='lat' dir='ltr'><strong>etiam</strong></span> <span class='ocrx_word' id='word_1_99' title='bbox 1078 2851 1296 2936; x_wconf 84' lang='lat' dir='ltr'><strong>admodum</strong></span> <span class='ocrx_word' id='word_1_100' title='bbox 1324 2869 1436 2932; x_wconf 86' lang='lat' dir='ltr'><strong>erant</strong></span> <span class='ocrx_word' id='word_1_101' title='bbox 1463 2869 1640 2934; x_wconf 88' lang='lat' dir='ltr'><strong>tenaces.</strong></span> 
     </span>
    </p>
   </div>
   <div class='ocr_carea' id='block_1_5' title="bbox 847 3105 1233 3190">
    <p class='ocr_par' dir='ltr' id='par_1_7' title="bbox 847 3105 1233 3190">
     <span class='ocr_line' id='line_1_16' title="bbox 847 3105 1233 3190; baseline -0.003 -2"><span class='ocrx_word' id='word_1_102' title='bbox 847 3105 956 3188; x_wconf 85' lang='lat' dir='ltr'><strong>F&#39;I</strong></span> <span class='ocrx_word' id='word_1_103' title='bbox 1015 3105 1069 3190; x_wconf 88' lang='lat' dir='ltr'><strong>G.</strong></span> <span class='ocrx_word' id='word_1_104' title='bbox 1181 3106 1233 3190; x_wconf 87' lang='lat'><strong>11.</strong></span> 
     </span>
    </p>
   </div>
   <div class='ocr_carea' id='block_1_6' title="bbox 268 3329 1817 4852">
    <p class='ocr_par' dir='ltr' id='par_1_8' title="bbox 268 3329 1817 4852">
     <span class='ocr_line' id='line_1_17' title="bbox 280 3329 1813 3437; baseline -0.001 -21"><span class='ocrx_word' id='word_1_105' title='bbox 280 3377 286 3388; x_wconf 93' lang='lat'>·</span> <span class='ocrx_word' id='word_1_106' title='bbox 325 3329 542 3416; x_wconf 86' lang='lat' dir='ltr'><strong>Delineata</strong></span> <span class='ocrx_word' id='word_1_107' title='bbox 569 3347 634 3415; x_wconf 86' lang='lat' dir='ltr'><strong>est</strong></span> <span class='ocrx_word' id='word_1_108' title='bbox 674 3329 817 3414; x_wconf 89' lang='lat' dir='ltr'><strong>eadem</strong></span> <span class='ocrx_word' id='word_1_109' title='bbox 853 3331 988 3437; x_wconf 92' lang='lat' dir='ltr'><strong>portio</strong></span> <span class='ocrx_word' id='word_1_110' title='bbox 1023 3330 1208 3434; x_wconf 77' lang='lat' dir='ltr'><strong>plautae,</strong></span> <span class='ocrx_word' id='word_1_111' title='bbox 1248 3353 1349 3437; x_wconf 88' lang='lat' dir='ltr'><strong>quae</strong></span> <span class='ocrx_word' id='word_1_112' title='bbox 1375 3353 1521 3414; x_wconf 89' lang='lat' dir='ltr'><strong>cavum</strong></span> <span class='ocrx_word' id='word_1_113' title='bbox 1549 3332 1723 3416; x_wconf 88' lang='lat' dir='ltr'><strong>thoracis</strong></span> <span class='ocrx_word' id='word_1_114' title='bbox 1752 3351 1813 3416; x_wconf 78' lang='lat' dir='ltr'><strong>re</strong></span> 
     </span>
     <span class='ocr_line' id='line_1_18' title="bbox 268 3465 403 3580; baseline 0 -26"><span class='ocrx_word' id='word_1_115' title='bbox 268 3465 403 3580; x_wconf 86' lang='lat' dir='ltr'><strong>spicit.</strong></span> 
     </span>
     <span class='ocr_line' id='line_1_19' title="bbox 288 3609 1817 3720; baseline 0.005 -28"><span class='ocrx_word' id='word_1_116' title='bbox 288 3645 291 3652; x_wconf 45' lang='lat'><strong>⁴</strong></span> <span class='ocrx_word' id='word_1_117' title='bbox 334 3631 387 3692; x_wconf 85' lang='lat' dir='ltr'><strong>aa</strong></span> <span class='ocrx_word' id='word_1_118' title='bbox 413 3612 621 3697; x_wconf 84' lang='lat' dir='ltr'><strong>interioris</strong></span> <span class='ocrx_word' id='word_1_119' title='bbox 649 3609 875 3720; x_wconf 87' lang='lat' dir='ltr'><strong>superficiei</strong></span> <span class='ocrx_word' id='word_1_120' title='bbox 896 3634 985 3717; x_wconf 84' lang='lat' dir='ltr'><strong>pars</strong></span> <span class='ocrx_word' id='word_1_121' title='bbox 1011 3609 1214 3716; x_wconf 88' lang='lat' dir='ltr'><strong>superior,</strong></span> <span class='ocrx_word' id='word_1_122' title='bbox 1239 3611 1411 3694; x_wconf 81' lang='lat' dir='ltr'><strong>crassitie</strong></span> <span class='ocrx_word' id='word_1_123' title='bbox 1432 3614 1600 3694; x_wconf 89' lang='lat' dir='ltr'><strong>multum</strong></span> <span class='ocrx_word' id='word_1_124' title='bbox 1635 3627 1748 3698; x_wconf 86' lang='lat' dir='ltr'><strong>aucta</strong></span> <span class='ocrx_word' id='word_1_125' title='bbox 1773 3629 1817 3700; x_wconf 88' lang='lat' dir='ltr'><strong>et</strong></span> 
     </span>
     <span class='ocr_line' id='line_1_20' title="bbox 282 3752 1121 3858; baseline 0.004 -27"><span class='ocrx_word' id='word_1_126' title='bbox 282 3823 286 3831; x_wconf 90' lang='lat'>.</span> <span class='ocrx_word' id='word_1_127' title='bbox 412 3755 635 3858; x_wconf 83' lang='lat' dir='ltr'><strong>inaequalis</strong></span> <span class='ocrx_word' id='word_1_128' title='bbox 668 3752 825 3838; x_wconf 90' lang='lat' dir='ltr'><strong>reddita</strong></span> <span class='ocrx_word' id='word_1_129' title='bbox 857 3752 1121 3838; x_wconf 87' lang='lat' dir='ltr'><strong>induratione.</strong></span> 
     </span>
     <span class='ocr_line' id='line_1_21' title="bbox 336 3889 1813 4003; baseline 0.003 -31"><span class='ocrx_word' id='word_1_130' title='bbox 336 3889 386 3973; x_wconf 88' lang='lat' dir='ltr'><strong>bb</strong></span> <span class='ocrx_word' id='word_1_131' title='bbox 413 3889 661 3978; x_wconf 60' lang='lat' dir='ltr'><strong>Pars&#39;media</strong></span> <span class='ocrx_word' id='word_1_132' title='bbox 687 3892 852 3977; x_wconf 78' lang='lat' dir='ltr'><strong>crassior</strong></span> <span class='ocrx_word' id='word_1_133' title='bbox 876 3912 919 3976; x_wconf 90' lang='lat' dir='ltr'><strong>et</strong></span> <span class='ocrx_word' id='word_1_134' title='bbox 943 3899 1067 4003; x_wconf 85' lang='lat' dir='ltr'><strong>magis</strong></span> <span class='ocrx_word' id='word_1_135' title='bbox 1095 3891 1239 3982; x_wconf 82' lang='lat' dir='ltr'><strong>ostatu</strong></span> <span class='ocrx_word' id='word_1_136' title='bbox 1264 3898 1433 3980; x_wconf 86' lang='lat' dir='ltr'><strong>naturali</strong></span> <span class='ocrx_word' id='word_1_137' title='bbox 1451 3894 1671 4000; x_wconf 88' lang='lat' dir='ltr'><strong>recedens,</strong></span> <span class='ocrx_word' id='word_1_138' title='bbox 1698 3893 1813 4002; x_wconf 92' lang='lat' dir='ltr'><strong>pseu-</strong></span> 
     </span>
     <span class='ocr_line' id='line_1_22' title="bbox 282 4033 953 4120; baseline 0.003 -3"><span class='ocrx_word' id='word_1_139' title='bbox 282 4085 291 4098; x_wconf 90' lang='lat'><em>·</em></span> <span class='ocrx_word' id='word_1_140' title='bbox 364 4047 384 4070; x_wconf 85' lang='grc'><strong>·’</strong></span> <span class='ocrx_word' id='word_1_141' title='bbox 412 4033 751 4119; x_wconf 83' lang='lat' dir='ltr'><strong>‹io—membranis</strong></span> <span class='ocrx_word' id='word_1_142' title='bbox 784 4033 953 4120; x_wconf 88' lang='lat' dir='ltr'><strong>obsessa.</strong></span> 
     </span>
     <span class='ocr_line' id='line_1_23' title="bbox 344 4173 1813 4284; baseline 0.005 -28"><span class='ocrx_word' id='word_1_143' title='bbox 344 4195 386 4256; x_wconf 88' lang='lat' dir='ltr'><strong>cc</strong></span> <span class='ocrx_word' id='word_1_144' title='bbox 412 4173 588 4260; x_wconf 79' lang='lat' dir='ltr'><strong>Crassror</strong></span> <span class='ocrx_word' id='word_1_145' title='bbox 613 4177 735 4260; x_wconf 88' lang='lat' dir='ltr'><strong>etiarn</strong></span> <span class='ocrx_word' id='word_1_146' title='bbox 758 4175 859 4261; x_wconf 84' lang='lat' dir='ltr'><strong>haec</strong></span> <span class='ocrx_word' id='word_1_147' title='bbox 886 4191 997 4282; x_wconf 86' lang='lat' dir='ltr'><strong>pars,</strong></span> <span class='ocrx_word' id='word_1_148' title='bbox 1022 4197 1064 4261; x_wconf 92' lang='lat' dir='ltr'><strong>et</strong></span> <span class='ocrx_word' id='word_1_149' title='bbox 1087 4179 1238 4284; x_wconf 79' lang='lat' dir='ltr'><strong>pseudo</strong></span> <span class='ocrx_word' id='word_1_150' title='bbox 1252 4178 1524 4269; x_wconf 68' lang='lat' dir='ltr'><strong>membranis</strong></span> <span class='ocrx_word' id='word_1_151' title='bbox 1550 4200 1634 4258; x_wconf 90' lang='lat' dir='ltr'><strong>non</strong></span> <span class='ocrx_word' id='word_1_152' title='bbox 1657 4195 1813 4262; x_wconf 87' lang='lat' dir='ltr'><strong>tanturn</strong></span> 
     </span>
     <span class='ocr_line' id='line_1_24' title="bbox 284 4312 1811 4420; baseline -0.004 -20"><span class='ocrx_word' id='word_1_153' title='bbox 284 4371 287 4376; x_wconf 93' lang='lat'>-</span> <span class='ocrx_word' id='word_1_154' title='bbox 412 4313 598 4420; x_wconf 84' lang='lat' dir='ltr'><strong>obsessa,</strong></span> <span class='ocrx_word' id='word_1_155' title='bbox 626 4313 698 4400; x_wconf 87' lang='lat' dir='ltr'><strong>sed</strong></span> <span class='ocrx_word' id='word_1_156' title='bbox 719 4318 792 4400; x_wconf 86' lang='lat' dir='ltr'><strong>hae</strong></span> <span class='ocrx_word' id='word_1_157' title='bbox 807 4321 852 4401; x_wconf 90' lang='lat' dir='ltr'><strong>in</strong></span> <span class='ocrx_word' id='word_1_158' title='bbox 874 4340 987 4402; x_wconf 87' lang='lat' dir='ltr'><strong>veras</strong></span> <span class='ocrx_word' id='word_1_159' title='bbox 1016 4320 1263 4403; x_wconf 88' lang='lat' dir='ltr'><strong>membranas</strong></span> <span class='ocrx_word' id='word_1_160' title='bbox 1291 4312 1433 4399; x_wconf 81' lang='lat' dir='ltr'><strong>crassas</strong></span> <span class='ocrx_word' id='word_1_161' title='bbox 1460 4319 1502 4399; x_wconf 91' lang='lat' dir='ltr'><strong>vi</strong></span> <span class='ocrx_word' id='word_1_162' title='bbox 1528 4313 1811 4420; x_wconf 85' lang='lat' dir='ltr'><strong>reprodtrctiva</strong></span> 
     </span>
     <span class='ocr_line' id='line_1_25' title="bbox 364 4456 717 4570; baseline 0.006 -32"><span class='ocrx_word' id='word_1_163' title='bbox 364 4463 368 4472; x_wconf 85' lang='lat'>&#39;</span> <span class='ocrx_word' id='word_1_164' title='bbox 399 4456 717 4570; x_wconf 33' lang='lat' dir='ltr'><strong>,suntlmutatao</strong></span> 
     </span>
     <span class='ocr_line' id='line_1_26' title="bbox 328 4592 1809 4718; baseline -0.003 -34"><span class='ocrx_word' id='word_1_165' title='bbox 328 4597 386 4684; x_wconf 73' lang='lat' dir='ltr'><strong>dd</strong></span> <span class='ocrx_word' id='word_1_166' title='bbox 408 4595 581 4688; x_wconf 82' lang='lat' dir='ltr'><strong>Inferior</strong></span> <span class='ocrx_word' id='word_1_167' title='bbox 603 4626 720 4710; x_wconf 88' lang='lat' dir='ltr'><strong>pars,</strong></span> <span class='ocrx_word' id='word_1_168' title='bbox 753 4599 926 4718; x_wconf 73' lang='lat' dir='ltr'><strong>crasfitie</strong></span> <span class='ocrx_word' id='word_1_169' title='bbox 950 4599 1112 4707; x_wconf 88' lang='lat' dir='ltr'><strong>quidem</strong></span> <span class='ocrx_word' id='word_1_170' title='bbox 1140 4617 1273 4707; x_wconf 87' lang='lat' dir='ltr'><strong>aucta,</strong></span> <span class='ocrx_word' id='word_1_171' title='bbox 1304 4595 1479 4684; x_wconf 87' lang='lat' dir='ltr'><strong>sednon</strong></span> <span class='ocrx_word' id='word_1_172' title='bbox 1500 4592 1599 4680; x_wconf 89' lang='lat' dir='ltr'><strong>adeo</strong></span> <span class='ocrx_word' id='word_1_173' title='bbox 1625 4599 1809 4702; x_wconf 86' lang='lat' dir='ltr'><strong>inaequa-</strong></span> 
     </span>
     <span class='ocr_line' id='line_1_27' title="bbox 284 4738 1121 4852; baseline 0.013 -30"><span class='ocrx_word' id='word_1_174' title='bbox 284 4811 292 4822; x_wconf 90' lang='lat'>.</span> <span class='ocrx_word' id='word_1_175' title='bbox 350 4817 355 4826; x_wconf 92' lang='grc'><em>,</em></span> <span class='ocrx_word' id='word_1_176' title='bbox 418 4742 544 4830; x_wconf 86' lang='lat' dir='ltr'><strong>bilem</strong></span> <span class='ocrx_word' id='word_1_177' title='bbox 568 4738 821 4852; x_wconf 80' lang='lat' dir='ltr'><strong>superficiem</strong></span> <span class='ocrx_word' id='word_1_178' title='bbox 848 4740 1121 4833; x_wconf 82' lang='lat' dir='ltr'><strong>monstrans..</strong></span> 
     </span>
    </p>
   </div>
   <div class='ocr_carea' id='block_1_7' title="bbox 0 0 2392 6324">
    <p class='ocr_par' dir='ltr' id='par_1_9' title="bbox 0 0 2392 6324">
     <span class='ocr_line' id='line_1_28' title="bbox 0 0 2392 6324; baseline 0 0"><span class='ocrx_word' id='word_1_179' title='bbox 0 0 2392 6324; x_wconf 95' lang='lat' dir='ltr'><strong> </strong></span> 
     </span>
    </p>
   </div>
  </div>
 </body>
</html>
