4774 6330
619 378 671 464 28
786 373 2031 478 leonum-AnarourcoParuouosrcanurt

682 977 1089 1075 onunurnrro
1130 941 1511 1074 aerumnam
1552 981 1728 1075 stom
1766 979 2104 1076 auroram

979 1139 1074 1226 nr
1111 1133 1347 1225 suerro
1392 1129 1773 1276 ornaveram,

1052 1606 1837 1706 TABULaul,

659 2102 860 2256 Mulier
889 2164 1174 2270 quinquaginta
1207 2160 1295 2247 fere
1327 2185 1551 2267 annorum,
1601 2181 1769 2270 quatuor
1804 2162 2023 2246 liberorum
2060 2183 2137 2244 ma·

598 2323 688 2410 ter,
718 2330 888 2411 quorum
919 2307 1116 2388 minorem
1149 2325 1246 2388 natu
1271 2319 1378 2386 anno
1412 2303 1501 2386 suae
1530 2309 1671 2387 aetatis
1699 2302 1991 2410 quadragesrmo
2028 2325 2135 2406 quar-

598 2464 642 2530 to
669 2449 713 2529 in
731 2451 864 2531 lucem
884 2445 1084 2550 ediderat,
1108 2443 1285 2529 absoluto
1311 2463 1450 2552 partu,
1480 2469 1621 2552 parum
1642 2447 1711 2526 vel
1727 2449 1798 2528 vix
1819 2439 1968 2548 aliquid
1988 2443 2135 2524 lochio

597 2611 684 2670 rum
713 2588 843 2674 fluxus
874 2587 1007 2674 fuerat
1045 2605 1234 2693 experta,
1279 2604 1412 2690 neque
1443 2608 1634 2669 mammae
1666 2589 1768 2668 lacte
1795 2601 2048 2683 tumuerant,
2077 2583 2132 2662 uti

595 2749 737 2832 antea,
767 2729 839 2813 sed
872 2733 1013 2837 coepit
1039 2732 1217 2814 laborare
1252 2724 1370 2808 sensu
1396 2699 1547 2809 doloris
1578 2726 1709 2809 obtusi
1732 2729 1775 2808 in
1798 2722 1938 2832 dextro
1966 2723 2133 2804 thoracis

597 2871 719 2950 latere
735 2893 828 2952 cum
841 2873 937 2954 tussr
954 2873 1055 2954 srcca
1068 2888 1109 2951 et
1129 2867 1345 2974 respirandi
1366 2890 1508 2974 magna
1527 2866 1771 2952 difficultate.
1803 2864 1944 2950 Mariti
1962 2862 2043 2967 sui,
2067 2865 2131 2968 qui

594 3027 678 3092 erat
689 3009 1063 3114 Pharmacopoeus,
1090 3008 1159 3091 diu
1171 3007 1240 3090 usa
1266 3007 1343 3091 fuit
1358 3009 1550 3112 consali0,
1579 3011 1647 3113 qui
1673 3008 1892 3113 simplicem
1915 3005 2130 3087 catarrhum

594 3147 704 3230 hunc
742 3148 929 3231 morbum
959 3147 1143 3250 habens,
1177 3152 1289 3230 uxori
1323 3145 1414 3231 suae
1440 3172 1512 3258 per
1541 3155 1706 3256 longum
1737 3151 1931 3257 temporis
1964 3145 2130 3254 spatium

591 3288 768 3372 remedia
790 3288 907 3375 solita
926 3293 1169 3395 pectoralia,
1198 3293 1258 3374 uti
1277 3309 1323 3370 ea
1345 3292 1543 3395 vocabat,
1574 3291 1785 3394 exhibuit,
1809 3287 1988 3373 radicum
2013 3289 2129 3370 emol-

593 3431 782 3515 lientium
802 3427 960 3516 scilicet
987 3430 1274 3538 herbarumque
1286 3430 1472 3517 similium
1496 3432 1732 3516 infusiones.
1764 3433 2019 3543 Quamquam
2035 3449 2128 3510 vero

591 3576 718 3658 etiam
733 3591 830 3682 post
855 3577 1138 3683 puerperium,
1160 3593 1366 3684 protracto
1391 3576 1535 3659 horum
1559 3572 1830 3658 remediorum
1853 3569 1951 3678 usu,
1972 3576 2017 3655 in
2036 3568 2128 3654 sani·

591 3730 715 3795 tatem
736 3713 1034 3816 quodammodo
1055 3718 1235 3798 restituta
1260 3716 1495 3821 videbatur,
1524 3716 1636 3799 tussis
1657 3735 1794 3798 tamen
1815 3709 1990 3820 perstitit
2012 3715 2127 3820 perti·

592 3876 672 3936 nax
705 3871 749 3935 et
776 3853 1045 3959 oppressionis
1063 3859 1242 3962 pectoris
1264 3873 1384 3960 atque
1418 3861 1639 3963 praecipue
1661 3858 1796 3940 lateris
1815 3853 1944 3937 dextri
1968 3848 2123 3952 sensus,

593 4014 727 4096 neque
741 3995 856 4075 lactis
877 3990 1047 4078 secretio
1068 3997 1146 4078 ulla
1165 3995 1374 4080 observata
1394 4017 1477 4099 est,
1507 4020 1639 4102 neque
1653 3993 1850 4084 menstrua
1863 3993 1934 4078 suo
1947 4011 2126 4099 tempore

593 4135 748 4218 redibat
777 4138 977 4242 purgatio.
1005 4135 1166 4222 Medici
1189 4144 1313 4246 igitur
1339 4137 1500 4224 tandem
1535 4139 1747 4222 confilium
1770 4141 1914 4246 petiit,
1943 4139 2014 4239 qui
2039 4151 2127 4220 mox

589 4299 735 4360 venam
761 4275 886 4359 secari
912 4276 1048 4383 jussit,
1099 4303 1225 4387 eaque
1261 4281 1343 4366 sme
1376 4284 1577 4368 levamine
1612 4283 1809 4386 repetita,
1850 4277 2124 4361 vesrcatorium

592 4419 845 4519 emplastrum
881 4423 1036 4520 pectori
1074 4425 1324 4527 applicavit,
1376 4426 1553 4528 locoque
1589 4416 1832 4505 infufionum
1866 4419 2125 4523 pectoralium

589 4549 736 4656 julapia
758 4574 847 4636 cum
872 4558 977 4638 nitro
1003 4575 1045 4638 et
1064 4567 1264 4664 oxymelle
1290 4562 1564 4672 praescripsrt3
1592 4582 1725 4666 neque
1745 4579 1881 4645 tamen
1894 4555 2030 4658 tussis,
2056 4574 2122 4640 ne·
