4774 6330
404 505 422 547 ;·
499 477 1506 584 slsc·1·c·otrissreoxsor.
1759 519 1818 611 ra

257 709 432 816 sonsa,
462 709 646 796 secundo
686 709 889 816 sedecim,
920 711 1044 794 tertio
1084 715 1261 822 viginti-3
1301 721 1456 806 nullum
1491 729 1599 805 vcro
1629 719 1810 830 sympro-

258 875 424 976 matum
445 857 733 962 experiebatur
756 859 968 952 levamen3
998 851 1109 936 sexto
1136 875 1270 941 testem
1298 860 1426 944 morbi
1454 857 1522 942 die
1546 877 1652 942 unta
1671 855 1810 952 anxier·

254 1017 317 1078 tas
357 1014 406 1078 et
445 995 665 1102 respirandi
698 996 909 1082 difficultas
937 1013 1057 1097 eret,
1099 1015 1144 1079 ut
1178 1017 1310 1082 metus
1336 999 1628 1098 ¹suffocationis
1667 1001 1814 1086 subita·

256 1153 366 1220 neae
407 1135 589 1238 adesset,
641 1157 683 1222 et
721 1140 915 1222 matutino
953 1155 1138 1243 tempore
1171 1140 1244 1245 ipss
1287 1139 1539 1226 venaestctio
1581 1142 1632 1225 ad
1672 1147 1811 1228 ttncias

252 1277 421 1386 septem
451 1281 651 1390 sanguinis
677 1279 889 1364 mittendae
916 1275 1094 1362 instituta
1124 1280 1184 1363 srt.
1227 1279 1324 1363 Hoc
1350 1282 1416 1366 die
1440 1283 1634 1368 Medicus
1658 1283 1810 1370 doctis·

251 1416 414 1528 fimns,
442 1429 485 1509 in
511 1427 587 1508 alia
620 1423 719 1508 urbe
751 1421 961 1522 habitans,
996 1427 1241 1528 aegrotantis
1276 1422 1616 1532 consanguineus,
1641 1427 1808 1508 accessit

253 1557 304 1642 ad
327 1557 449 1647 suum
467 1563 781 1670 consobrinum,
807 1583 985 1667 eumque
1007 1566 1049 1644 in
1072 1583 1215 1669 magno
1239 1569 1346 1676 ¹tritae
1365 1570 1547 1670 periculo
1570 1571 1805 1668 inveniens,

254 1727 276 1782 a
319 1725 395 1786 me
432 1705 645 1790 confilium
679 1704 947 1812 quaerendum
995 1703 1080 1785 esse
1111 1701 1320 1812 iudicavit.
1380 1706 1618 1812 Accedens,
1667 1711 1807 1792 inveni

253 1864 471 1951 aegrotum
492 1843 807 1950 debilissimum,
837 1843 995 1952 pulsum
1022 1847 1094 1929 vix
1121 1845 1271 1930 sentire
1292 1853 1432 1953 potui,
1463 1853 1669 1954 respiratio
1688 1848 1804 1930 valde

253 1983 338 2069 fnit
384 1983 585 2089 diffieilis;
618 2011 702 2072 non
735 1992 908 2073 multum
947 2009 1047 2072 vero
1085 1989 1136 2072 de
1168 1986 1308 2072 dolore
1343 1993 1601 2094 querebatur3
1646 1987 1805 2096 sanguis

251 2123 400 2212 missus
431 2135 593 2237 penitus
623 2127 839 2215 dissolunts
867 2149 980 2235 erat,
1003 2133 1124 2215 lactei
1155 2127 1242 2213 fere
1269 2133 1441 2235 coloris,
1472 2137 1527 2216 ita
1559 2151 1604 2215 ut
1637 2153 1716 2214 nec
1746 2129 1807 2213 se·

253 2291 342 2354 rum
379 2295 516 2377 neque
547 2296 730 2358 amorem
757 2273 799 2355 in
829 2295 881 2355 eo
908 2270 1155 2378 distinguere
1186 2270 1409 2378 possemus.

306 2409 453 2496 Morbi
469 2429 605 2498 nantra
626 2415 728 2497 mihi
745 2413 960 2498 videbatur
978 2436 1063 2495 non
1081 2413 1253 2497 difficilis
1279 2417 1473 2520 cognitu3
1502 2418 1640 2518 putavi
1668 2415 1801 2512 enim,

252 2577 305 2636 ex
332 2555 459 2638 musis
497 2555 733 2663 praegressrs
770 2576 906 2637 veram
941 2557 1301 2640 mnammarionem
1337 2557 1499 2658 pleurae
1530 2575 1571 2632 er
1596 2555 1801 2658 pulmonis

253 2698 296 2776 in
340 2693 465 2779 initio
503 2698 642 2778 locum
687 2691 896 2795 babuisse,
952 2717 1082 2798 quae,
1130 2692 1412 2775 accedentibus
1461 2690 1795 2792 conditionibus,

254 2859 363 2920 nunc
401 2843 445 2920 in
495 2842 708 2944 malignam
754 2835 1080 2943 suppurationem
1129 2838 1196 2917 vel
1242 2855 1516 2940 grangracnam
1568 2837 1797 2914 terminare·

252 2995 329 3058 tur.
374 2973 595 3064 Infaustam
634 2982 760 3086 igitur
786 2975 1003 3086 prognosin
1042 2975 1134 3059 dare
1171 2976 1401 3079 debuimus,
1431 2981 1474 3058 in
1504 2977 1612 3057 vitae
1645 2971 1798 3078 summo

249 3120 437 3221 periculo
466 3117 610 3202 versari
637 3140 872 3227 aegrotum,
905 3137 1037 3222 neque
1059 3119 1108 3199 ab
1133 3119 1220 3202 ullo
1243 3114 1420 3198 remedio
1441 3111 1618 3197 sanitatis
1644 3113 1794 3197 reditu-

251 3279 315 3338 rae
348 3255 462 3364 spem
485 3281 559 3342 nos
579 3257 701 3365 posse
729 3259 981 3366 exspectare.
1040 3262 1296 3344 conabamur
1328 3257 1424 3342 ideo
1457 3263 1592 3343 levare
1615 3254 1796 3365 sympto-

249 3419 379 3504 mata,
423 3421 465 3486 et
500 3401 574 3485 hac
612 3404 767 3486 ratione
796 3406 947 3504 vitam,
982 3403 1168 3508 quamdiu
1205 3408 1313 3486 vires
1339 3421 1504 3486 naturae
1536 3422 1679 3482 ornnes
1707 3421 1793 3482 non
1842 3381 1844 3390 ’

250 3535 421 3625 fuissent
463 3543 707 3648 exhaustae,
736 3545 991 3650 protraherer
1019 3569 1101 3649 quo
1141 3543 1223 3628 fine
1275 3542 1493 3626 decoctum
1531 3541 1802 3642 demulcens,.

248 3688 573 3790 remaneatque
607 3684 871 3791 confortans,
906 3687 980 3792 ipss
1015 3685 1187 3769 dandum
1214 3682 1301 3768 esse
1335 3681 1563 3792 consultum
1587 3679 1794 3768 duximus.

249 3822 331 3906 Die
353 3822 525 3932 septimo
538 3825 647 3934 Maji
669 3827 839 3912 accescit
861 3827 969 3914 aliud
983 3827 1230 3936 symptoma:
1254 3825 1460 3912 Nimirum
1479 3841 1662 3932 aegrotus
1687 3823 1787 3907 diffi-

248 3967 375 4047 culter
407 3982 450 4047 et
481 3990 626 4074 magno
669 3969 936 4054 cumdolore
970 3975 1157 4077 guttatim
1190 3989 1346 4056 tantum
1382 3972 1533 4052 urinam
1568 3985 1784 4048 excernere

244 4109 402 4210 potuit,
445 4129 566 4213 quare
600 4110 700 4215 pubi
742 4112 927 4217 imposita
963 4131 1024 4194 est
1057 4111 1299 4196 fomentatio
1339 4131 1390 4190 ex
1423 4104 1566 4200 infuso⁴
1593 4107 1635 4188 fl.
1675 4105 1780 4186 Cha-

246 4251 445 4332 momillae
482 4272 577 4336 cum
611 4256 715 4335 lacte
755 4271 796 4335 et
839 4252 986 4359 sapone
1033 4255 1159 4351 albo;
1214 4250 1377 4333 dolores
1418 4245 1522 4328 dorfi
1567 4261 1607 4324 et
1648 4245 1793 4324 lateris

247 4385 376 4472 dextri
402 4405 489 4474 non
513 4392 742 4500 cessabant,
772 4397 981 4500 respiratio
1017 4410 1102 4490 erat
1136 4389 1391 4490 difficillima,
1425 4382 1560 4491 pulsus
1584 4385 1780 4466 continuo

244 4531 353 4614 celer
391 4551 435 4616 et
470 4531 765 4640 debilisfimus3
793 4541 951 4644 pectori
985 4557 1027 4618 et
1066 4532 1186 4618 dorso
1223 4528 1495 4638 applicabatur
1523 4529 1653 4631 primo
1686 4543 1778 4612 ,em-

245 4671 437 4774 plastrum
472 4681 733 4763 aromaticum
769 4679 820 4763 de
856 4678 1050 4764 Labdano
1082 4700 1175 4760 cum
1208 4669 1462 4778 Camphora3
1505 4684 1645 4775 postea
1683 4689 1785 4751 vero

245 4811 553 4923 velicatoriumr
594 4822 785 4914 utebatur
818 4846 926 4908 nunc
965 4821 1141 4904 decocto
1191 4814 1449 4898 demulcente
1494 4834 1547 4894 ex
1589 4804 1669 4892 rad.
1716 4807 1785 4890 Al-
