4774 6330
623 455 676 538 24
789 429 1031 517 lcouvu
1062 420 2032 524 Auaraouico-Pasnonoo'ncaaun

908 969 1847 1066 nxvnrcanro

993 1352 1598 1439 TABULAE
1685 1340 1760 1438 IV.

669 1806 839 1889 leonem
865 1805 1033 1912 praebet
1059 1803 1161 1885 haec
1181 1802 1321 1884 -tabula
1343 1802 1542 1906 portionis
1569 1784 1797 1908 pulmonis,
1832 1801 2068 1887 vehementi
2093 1809 2152 1888 in-

609 1949 880 2036 flammatione
908 1945 1059 2029 affecti.
1903 1953 1909 1962 '

694 2106 746 2165 aa
773 2085 1229 2171 Pseudo-membranae
1250 2107 1366 2188 pars,
1391 2104 1467 2188 qua
1492 2085 1672 2170 cohaefit
1702 2087 1842 2191 pulmo
1870 2108 1963 2170 cum
1987 2089 2143 2194 pleura,

778 2235 821 2314 in
846 2253 925 2336 qua
949 2233 1013 2314 vis
1040 2223 1351 2334 reproductivae
1382 2223 1537 2308 effecta
1570 2249 1645 2332 per
1670 2248 1777 2322 nova
1797 2219 1960 2312 vasc'ula
1985 2224 2147 2315 formata

776 2367 994 2474 conspicua
1020 2369 1123 2452 sunt.
2116 2389 2118 2396 ·

672 2511 747 2594 abl
776 2514 935 2598 Similes
965 2508 1413 2619 pseudo-membranae,
1440 2534 1515 2616 per
1538 2533 1717 2618 magnam
1739 2527 1896 2616 partem
1917 2510 2145 2618 inferiorem

777 2652 1008 2762 dispersae,
1037 2656 1172 2738 minus
1200 2659 1423 2760 organicae.

704 2823 746 2878 cc
775 2795 950 2881 Inierior
971 2821 1083 2904 pars,
1107 2821 1158 2880 ex
1180 2821 1256 2903 qua
1281 2799 1453 2882 vasculis
1477 2796 1622 2901 plenae
1644 2793 1722 2898 Jam
1744 2796 1827 2910 hic
1845 2791 2141 2899 pseudo-mem·
2180 2836 2184 2844 ·

776 2939 922 3019 branae
948 2935 1143 3042 pendent.

691 3075 752 3158 dd
777 3076 960 3160 Exhibet
995 3080 1209 3183 particulas
1250 3077 1397 3162 effusae
1434 3079 1627 3183 lymphae
1662 3077 1916 3183 coagulabilis
1930 3137 1943 3179 ,
1973 3080 2140 3197 psalchro
2268 3117 2299 3144 -·

776 3220 1029 3300 vasculorum
1055 3237 1245 3324 apparatu
1274 3239 1444 3302 ornatas.

705 3381 752 3444 ,ce
779 3358 934 3465 Magna
954 3361 1096 3466 plaga,
1127 3363 1235 3443 villis
1257 3362 1427 3443 vasculis
1454 3361 1628 3466 impletis
1651 3361 1781 3466 plena.

709 3493 759 3606 ff
779 3501 907 3584 Striae
920 3503 1096 3583 vasculis
1114 3501 1387 3606 plenissimae,
1403 3501 1626 3624 pendentes
1641 3526 1661 3580 a
1676 3500 1906 3586 membrana
1923 3500 2138 3610 superiore.

716 3663 746 3744 g
775 3643 903 3725 Series
934 3664 1178 3748 corporum,
1218 3647 1392 3727 vasculis
1425 3651 1469 3728 in
1497 3647 1697 3732 circulum
1731 3640 1961 3748 disposuis,
2008 3664 2144 3725 notatu

779 3782 1016 3894 dignorum,
1043 3781 1370 3886 ¹dependentium
1395 3809 1415 3864 a
1441 3787 1619 3889 margine
1651 3783 1862 3867 vasculoso
1897 3788 2141 3868 membranae

780 3923 1006 4027 superioris

715 4061 742 4140 ἠ
774 4063 1023 4166 Corpuscula
1048 4068 1169 4172 magis
1197 4067 1478 4169 confluentia,
1510 4067 1706 4169 rotunda,
1734 4067 1867 4154 media
1894 4089 2004 4176 parte
2033 4071 2141 4171 alba,

773 4204 952 4310 margine
984 4207 1105 4290 nabao
1136 4215 1284 4294 cincta.

706 4345 743 4431 ii
772 4340 1032 4430 Coniformes
1054 4351 1269 4436 cellulosae
1294 4357 1573 4456 membranae,
1598 4355 1768 4437 vasculis
1783 4369 1836 4434 'et
1860 4374 2077 4436 nervorum
2091 4374 2143 4434 ra-

774 4491 892 4574 mulis
917 4489 1145 4583 instructae..

670 4625 749 4712 nik
778 4629 1028 4734 Corpuscula
1054 4631 1179 4736 dura,
1218 4636 1496 4742 tuberculosa,
1524 4641 1697 4722 vasculis
1729 4641 1849 4720 etiam
1880 4641 2012 4742 plena.

716 4761 753 4850 ll
774 4767 927 4874 Margo
953 4772 1155 4875 pulmonis
1183 4775 1447 4884 inflammati,
1474 4782 1635 4868 crassior
1657 4797 1700 4863 et
1730 4780 1862 4865 durior
1887 4779 1965 4884 jaan
1994 4779 2131 4862 factus.
