4774 6330
623 510 677 598 34
789 487 1029 578 lcouuu
1064 481 2027 580 Auarourco·Parrronoa1canusr

614 711 714 799 ficili
750 717 1039 822 respiratione,
1080 709 1221 819 pulsus
1258 725 1341 792 crat
1378 708 1517 813 celer,
1565 707 1713 816 durus,
1755 733 1839 795 non
1875 712 2041 817 plenus,
2089 707 2158 792 led

613 863 750 963 potius
780 871 1034 957 contractus,
1066 873 1160 936 cum
1197 849 1293 934 tussa
1323 837 1517 932 continua
1543 851 1840 954 molestissima3
1877 847 2154 934 instituebatur

615 995 749 1078 missio
782 995 982 1102 sanguinis
1019 996 1227 1076 unciarum
1264 989 1446 1096 septem,
1485 1007 1529 1073 et
1561 989 1776 1076 decoctum
1818 991 2157 1100 praescribebatur

615 1141 822 1242 pectorale
858 1159 950 1220 cum
981 1140 1086 1218 nitro
1114 1151 1158 1214 et
1189 1133 1396 1235 oxymelle
1422 1130 1602 1237 simplici.

668 1299 786 1362 xxvr.
818 1274 897 1361 die.
917 1268 1257 1382 ,Sanguismissus
1287 1275 1408 1370 vnulla
1440 1273 1763 1392 inflammationis
1800 1273 2019 1381 praesentis
2049 1273 2155 1380 signa

613 1415 880 1518 monstrabat,
910 1433 995 1498 erat
1020 1438 1043 1497 e
1072 1415 1272 1496 contrario
1295 1411 1592 1517 quodammodo
1621 1409 1859 1516 dissolutus,
1893 1431 2044 1518 quare,
2076 1437 2153 1496 ma·

609 1577 732 1640 nente
770 1559 863 1641 tussi
900 1577 942 1638 et
977 1555 1146 1657 dolore,
1185 1553 1467 1638 vesrcatorium
1506 1559 1802 1665 applicabatur,
1851 1577 1896 1639 et
1938 1555 2153 1640 decoctum

607 1698 950 1804 praescribebatur
988 1696 1321 1801 diaphorcticum.

617 1817 797 1928 Jx'xvu.
828 1825 910 1924 die.
943 1835 1077 1922 Tuus
1106 1861 1196 1956 ‘non
1232 1835 1334 1920 adeo
1371 1842 1566 1943 molesta,
1608 1837 1730 1922 dolor
1769 1841 2073 1923 innuimtusin
2099 1842 2156 1922 la-

609 1997 724 2083 tere,
764 1978 891 2064 febris
927 1983 1051 2083 levis,
1082 1984 1193 2064 alvus
1225 1985 1433 2082 naturalis,
1463 1980 1535 2064 sed
1570 1982 1809 2086 querebatur
1835 1976 1885 2061 de
1913 1977 2056 2062 dolore
2084 2002 2155 2084 pe-

608 2115 729 2216 dum,
760 2135 900 2224 putans
931 2117 1038 2206 forte
1065 2122 1278 2206 materiem
1309 2121 1360 2204 ad
1387 2121 1518 2232 pedes
1536 2121 1578 2204 se
1597 2124 1705 2207 velle
1732 2119 2021 2225 determinare,
2049 2143 2152 2226 quae

605 2245 870 2344 rheumaticae
908 2266 980 2347 vel
1014 2255 1122 2345 forte
1159 2261 1398 2372 podagricae
1443 2253 1590 2348 indolis
1632 2259 1765 2364 esset,
1789 2257 2046 2366 pediluvium
2085 2264 2152 2342 vel

606 2397 792 2484 balneum
830 2403 981 2510 pedum
1027 2403 1152 2506 suast,
1193 2423 1234 2487 et
1263 2422 1307 2488 ut
1337 2425 1521 2513 pergeret
1555 2404 1735 2488 remedio
1773 2402 2053 2509 diaphoretico
2086 2403 2146 2485 uti

603 2563 696 2624 cum
726 2545 919 2650 regimine
950 2563 994 2627 et
1015 2544 1153 2630 diaeta
1177 2549 1516 2656 antiphlogistica.

657 2684 911 2767 mundio.
936 2686 1195 2796 Querebatur
1213 2686 1264 2770 de
1289 2694 1565 2773 excoriatione
1582 2686 1697 2795 digiti
1723 2685 1885 2792 maioris
1909 2681 2027 2789 pedis
2053 2680 2150 2765 dex·

602 2827 676 2930 tri,
706 2827 851 2934 inquo
873 2827 953 2932 jam
984 2831 1137 2934 aliquot
1155 2829 1243 2912 dies
1269 2831 1417 2912 abhinc
1445 2825 1629 2912 dolorem
1653 2826 1860 2910 insolitum
1877 2841 2148 2930 perceperat;

602 2957 751 3067 pedem
776 2971 1009 3050 examinans
1042 2967 1179 3052 detexi
1209 2971 1326 3052 ulcus
1356 2967 1564 3052 sordidum
1590 2953 1755 3050 foetens'
1789 2969 1833 3050 in
1859 2963 2015 3072 digito,
2050 2987 2150 3047 cum

602 3098 813 3182 oedemate
840 3109 970 3186 totnrs
993 3105 1134 3211 pedis;
1177 3109 1291 3191 tussis
1324 3133 1406 3190 rara
1444 3131 1552 3195 nunc
1585 3128 1702 3214 erat,
1740 3105 1860 3190 dolor
1892 3102 2145 3206 cessaverat,

603 3241 811 3344 respiratio
846 3261 927 3325 erat
951 3246 1140 3348 liberior,
1169 3249 1304 3355 lingua
1330 3253 1507 3356 impura,
1538 3255 1648 3335 alvus
1675 3249 1917 3347 tardissima3
1946 3269 2143 3355 eccopro·

604 3381 683 3460 tica
708 3378 790 3486 jam
821 3381 1087 3492 jungebantur
1114 3392 1258 3474 leniter
1286 3387 1596 3496 diaphoreticis,
1631 3390 1746 3475 etad
1784 3387 1912 3472 suram
1951 3387 2149 3471 vesrcato·

542 3547 546 3566 ·
602 3523 704 3602 rium
734 3545 902 3627 parvum
935 3528 1233 3642 applicabatur,
1274 3529 1402 3638 scopo
1435 3537 1505 3616 ibi·
1528 3531 1781 3618 artificiosam
1812 3527 2146 3636 suppurationem

599 3683 680 3764 ope
715 3685 809 3769 ung.
839 3663 1074 3752 Thimeleae
1111 3671 1337 3774 excitandi,
1367 3693 1502 3758 natura
1528 3697 1629 3758 vero
1664 3676 1796 3755 noluit
1827 3673 1871 3752 in
1896 3669 1976 3750 hoc
2015 3689 2144 3773 opere

604 3797 770 3882 obedire
814 3810 910 3886 artis
953 3810 1147 3912 consilio,
1206 3812 1460 3898 claudebatur
1500 3836 1639 3899 contra
1681 3810 1953 3920 quotidianam
1994 3806 2145 3892 stimuli

596 3939 947 4045 applicationem,
966 3963 1011 4027 et
1041 3949 1247 4033 oriebatur
1278 3951 1420 4058 sponte
1441 3959 1564 4038 altera
1592 3975 1775 4061 apertura
1802 3953 1847 4032 in
1875 3952 2000 4034 tibiae
2033 3965 2145 4031 ante-

604 4075 711 4158 riore
734 4095 860 4184 parte.
888 4083 1092 4188 Aegrotas
1114 4111 1222 4174 nunc
1247 4099 1367 4198 paulo
1390 4095 1473 4181 sese
1488 4097 1537 4180 ad
1555 4098 1764 4181 sanitatem
1784 4089 2046 4177 accedentem
2067 4114 2143 4196 pu-

600 4217 734 4322 tebat,
762 4217 831 4314 sed
860 4225 1006 4310 iterum
1036 4235 1160 4339 magis
1188 4233 1240 4318 de
1274 4233 1414 4320 dolore
1436 4238 1553 4345 pedis
1581 4253 1770 4345 questus,
1795 4236 1921 4318 vitam
1956 4227 2140 4312 sedenta-

602 4359 697 4442 riam
732 4375 776 4443 et
806 4365 1135 4458 vuemdinuiem
1167 4379 1257 4484 egit
1294 4401 1424 4484 usque
1468 4379 1518 4462 ad
1556 4379 1665 4488 diem
1703 4399 1796 4462 xxrr
1828 4370 1974 4459 menfis
2010 4368 2142 4474 Maii,

600 4519 686 4598 ‘luo
720 4496 835 4588 dolor
861 4511 907 4592 in
936 4509 1043 4614 pede
1072 4513 1280 4621 cessabat,
1328 4517 1400 4604 sed
1438 4541 1580 4626 magna
1612 4517 1876 4602 vehementia
1911 4507 2144 4618 ocorpabat

604 4634 778 4720 eundem
795 4644 927 4726 locum
947 4651 990 4728 in
1008 4652 1132 4734 latere
1149 4663 1328 4761 pectoris
1350 4657 1514 4763 demo,
1527 4681 1610 4765 quo
1629 4662 1673 4741 in
1695 4656 1817 4742 initio
1842 4651 1978 4736 morbi
2000 4647 2143 4734 sedem

601 4773 815 4880 babuerat,
844 4801 939 4868 cum
961 4790 1236 4886 molestislimr
1268 4799 1367 4888 cusu
1405 4820 1446 4888 et
1472 4799 1733 4908 respiratione
1766 4788 1985 4882 admodum
2021 4789 2143 4873 brevi
