4774 6340
608 449 656 527 ro
771 427 1010 510 seorsum
1045 409 1417 505 duarenus-o
1456 412 1908 500 P'a’rraonoerca
1934 436 2077 504 auat·

602 663 682 729 cor
705 648 919 730 maximum
949 655 1052 730 moa.
1077 641 1147 725 sub
1181 644 1319 747 pleura
1351 637 1568 744 opperiar
1588 639 1640 719 ita
1669 655 1715 718 ut
1746 637 1832 744 eius
1854 641 2149 746 molevpulmof

599 805 674 870 nes
714 787 881 894 repressa
914 807 987 892 per
1018 779 1464 892 pseudo-membranas
1504 801 1600 864 curn
1640 785 1777 886 pleura
1813 779 1945 864 esseut
1981 803 2150 866 concre-

598 935 657 1032 ti,
688 931 870 1034 quamvis
897 931 1051 1010 interna
1084 944 1223 1010 eorum
1254 919 1471 1008 substantia
1493 918 1583 1004 sana
1607 919 1829 1005 videretur.
2152 918 2158 923 ’

655 1072 811 1176 Aperta
831 1069 1063 1175 pericardio
1090 1069 1244 1174 patuit,
1274 1067 1361 1149 hoc
1379 1085 1450 1170 per
1474 1086 1639 1146 omnem
1671 1064 1866 1148 ambitum
1896 1088 1989 1149 cum
2020 1066 2147 1154 corde,

595 1233 667 1317 per
686 1203 1123 1318 pseudo-membranas
1147 1181 1409 1316 conjunctum
1442 1201 1550 1310 esse,
1577 1209 1637 1289 uti
1662 1223 1828 1290 externa
1858 1207 1943 1312 ejus
1979 1206 2144 1316 superfi-

594 1357 691 1436 cies:
713 1354 843 1436 etiarn
865 1370 1134 1434 concreverat
1164 1368 1256 1434 tum
1284 1349 1554 1454 adjacentibus
1585 1349 1794 1455 partibusa
1817 1372 1888 1431 cor
1913 1349 2043 1456 ipsum
2070 1351 2154 1434 dur

591 1497 662 1600 plo
682 1493 802 1578 solito
829 1493 1078 1600 mariaeerat,
1109 1511 1151 1574 et
1178 1494 1499 1577 inflammationis
1517 1485 1918 1572 statummonstrabat
1940 1513 2034 1572 curn
2058 1516 2146 1572 mae

592 1638 693 1718 c'ulis
727 1636 1028 1742 gangraenofi's..
1080 1634 1202 1718 Sinus
1227 1632 1366 1715 dexter
1400 1635 1615 1737 praecipue
1640 1627 1829 1713 summanr
1856 1633 2152 1737 expansronem

598 1776 794 1879 subierat,
824 1797 869 1859 et
888 1778 1102 1859 ventriculi
1131 1772 1357 1857 membrana
1379 1789 1540 1853 externa
1574 1796 1668 1854 cum
1700 1769 1811 1854 fibris
1837 1771 2154 1878 subjacentibus>

597 1917 691 2023 ipsas
720 1909 910 2024 disrupta.
929 1915 1235 2022 e't'degenera‘ta
1263 1934 1361 1998 erat.
1411 1969 1414 1976 -

646 2059 863 2166 Praecipua
887 2081 1050 2166 quoque
1077 2057 1302 2142 abdominis
1327 2062 1484 2142 viscera
1510 2057 1835 2140 inflammationis
1857 2057 1985 2162 figna,
2002 2084 2136 2166 quama

590 2206 654 2283 vis
683 2216 767 2282 non
792 2200 895 2282 adeo
927 2207 1057 2306 gravia
1089 2224 1205 2305 quarn
1242 2215 1351 2302 corr
1371 2197 1669 2300 monstrabanta
1693 2202 1747 2281 ita
1775 2217 1822 2281 ut
1854 2202 1922 2283 hic
1951 2201 2031 2307 jam
2062 2229 2136 2310 per

589 2361 783 2426 annorum
823 2347 1042 2426 multorum
1079 2342 1249 2449 spatium
1289 2344 1480 2426 chronica
1528 2341 1662 2423 cordis
1699 2341 1959 2424 inflammatio
1995 2347 2129 2432 locum

584 2485 797 2589 habuerit.,.
833 2505 875 2567 et
912 2508 1002 2576 cum
1034 2488 1325 2590 aneurystnatis
1359 2486 1474 2568 srmul
1510 2488 1554 2566 in
1593 2484 1672 2563 hoc
1711 2485 1867 2566 uiseere
1902 2483 2129 2592 praesentia

582 2628 665 2706 uita
692 2629 811 2707 etiam
838 2625 987 2709 tamdiu
1009 2643 1205 2730 protracta
1230 2623 1387 2726 fuerit,
1417 2645 1518 2728 quae
1553 2629 1638 2708 cito
1668 2642 1849 2706 ceterum
1883 2647 1975 2706 curn
1999 2627 2131 2708 vitalis

583 2763 806 2849 functionis
840 2770 1050 2874 praecipui
1083 2769 1249 2848 visceris
1278 2765 1382 2848 adeo
1414 2769 1531 2870 gravi,
1551 2765 1693 2847 morbo
1716 2761 1822 2847 finiri
1853 2762 1981 2847 soleta

637 2908 821 2988 Alterum
863 2906 1063 2991 carditidis
1105 2910 1334 3010 exemplum
1369 2907 1488 2988 nobis
1531 2925 1592 2987 est
1630 2904 1803 2988 sumtum
1844 2927 1907 2987 ex·
1932 2906 2122 2988 cadavere

579 3048 658 3126 viri
687 3043 837 3148 adulti,
881 3051 951 3150 qui
994 3047 1214 3129 immodica
1257 3045 1417 3150 spiritus
1452 3051 1537 3131 vini
1581 3052 1825 3152 quantitate,
1877 3046 1972 3131 dum
2007 3049 2134 3133 smus

578 3203 691 3288 erat,
714 3183 792 3267 fuit
818 3182 994 3288 adrasus,v
1015 3206 1057 3266 et
1087 3187 1442 3269 uehementissrmo
1472 3190 2010 3294 pleuro--peripneumoniae
2036 3214 2120 3297 gra·

578 3323 657 3428 du,
693 3342 740 3406 ut·
759 3321 994 3430 videbatur,
1022 3345 1252 3434 correptus,
1281 3331 1324 3408 in
1351 3325 1513 3412 summis
1540 3327 1748 3414 doloribus
1782 3352 1825 3414 et
1851 3337 2116 3420 anxietatibus

576 3466 654 3574 jarn
678 3471 799 3551 tertio
825 3471 954 3553 morbi
983 3468 1049 3552 die
1073 3488 1255 3553 mortuus
1281 3489 1356 3553 est.
1415 3472 1464 3553 In
1491 3471 1570 3551 hoc
1602 3468 1823 3576 specimine
1853 3473 2134 3578 pericardium

574 3611 622 3691 ab
654 3629 734 3693 una
758 3616 974 3717 praecipue
1004 3630 1116 3718 parte
1144 3611 1261 3696 cordi
1290 3618 1486 3718 secrevit,
1518 3615 1566 3694 ab
1599 3617 1721 3697 altera
1742 3615 1915 3700 liberum
1951 3621 2131 3724 mansan,

574 3751 763 3855 adeoque.
796 3773 892 3833 non·
915 3773 996 3836 tam
1035 3757 1224 3861 pulchrae
1255 3753 1406 3860 pseudo
1422 3757 1702 3838 -membranae
1734 3775 1953 3862 apparent,
1997 3783 2115 3864 quarn

575 3896 616 3973 in
639 3897 793 3996 primo,
821 3891 943 3996 quod*
965 3902 1187 3982 memoravi
1214 3917 1259 3978 et
1285 3895 1502 3999 desiniavi,
1535 3899 1691 3996 cardea
1712 3901 1924 4004 puimones
1951 3925 2048 3984 vero
2073 3925 2133 3986 et.¹

575 4035 715 4137 pleura
737 4035 1138 4122 vehementissrmum
1160 4040 1485 4123 inflammationis
1510 4039 1671 4145 gradum
1694 4037 1977 4142 monstrabant,
1993 4067 2124 4146 quam..-

573 4175 733 4275 iargiter
755 4171 954 4258 institutae
982 4175 1181 4284 sanguinis
1208 4179 1444 4282 missiones,
1462 4206 1536 4289 per
1562 4203 1687 4265 venae
1708 4180 1906 4265 sectiones
1934 4202 1974 4263 er
2001 4185 2108 4267 hiru,

571 4313 691 4440 dines,
711 4320 953 4422 applicatas,
983 4343 1073 4402 non
1099 4342 1317 4428 potuerunt
1345 4346 1621 4429 compescere.

628 4455 821 4562 Quartam
848 4457 1173 4545 observationem
1196 4489 1355 4548 meeum
1377 4471 1693 4552 communicavit
1717 4465 1986 4550 Doctisfimus
2011 4465 2121 4548 Me·-

572 4592 730 4678 die‘inae
755 4619 802 4680 ct.
818 4603 1057 4711 chirurgiae
1081 4607 1256 4691 Doctor'
1273 4609 1324 4692 G.
1343 4611 1384 4695 G
1398 4630 1602 4712 reove„
1622 4609 1701 4690 hac
1721 4610 1762 4690 in
1783 4607 1881 4690 urbe
1908 4606 2119 4713 practicus·-
