4794 6348
609 410 662 515 7⁸
759 401 997 489 lconnn
1039 381 2013 482 anrronrco-easaorocrraann

606 621 709 714 creti
739 629 982 736 pulmones,
1011 637 1055 704 et
1079 614 1260 704 viderem
1290 608 1342 694 ad
1368 612 1636 716 posteriorem
1660 627 1859 700 costarum
1892 631 2045 719 partem
2076 618 2148 704 dea

611 774 752 878 pluere
787 769 836 851 ab
869 766 961 873 ipsas
996 764 1230 862 materiem,
1272 751 1318 838 ut
1346 751 1583 853 videbatur,
1624 756 1904 862 purulentam,
1933 755 2148 848 credebam

611 935 703 995 curn
741 903 1085 1007 indurationibus,
1126 922 1224 1006 quas
1259 894 1485 996 habebant,
1524 897 1645 976 etiam
1681 896 1886 978 vomicam
1917 915 2038 982 unam
2080 905 2149 984 vel

609 1055 746 1159 plures
783 1048 892 1131 forte
924 1044 1089 1148 adesse,
1120 1065 1217 1146 quas
1248 1059 1384 1120 tamen
1413 1033 1562 1118 frustra
1592 1037 1851 1140 quaerebam,
1880 1038 2149 1127 incifionibus

610 1191 880 1278 induratorum
910 1190 1054 1271 horum
1081 1189 1284 1304 viscerum
1316 1175 1628 1285 quaquaversum
1652 1175 1796 1280 factis3
1833 1202 1971 1286 aspera
2009 1185 2151 1268 arteria

613 1351 654 1418 et
675 1329 820 1438 'larynx
851 1327 972 1413 erant
991 1331 1098 1411 bene
1125 1321 1379 1408 constitutae.

620 1499 623 1508 ·
665 1474 897 1579 Oesophagi
930 1495 1020 1578 pars
1058 1469 1244 1575 superior
1281 1463 1492 1548 videbatur
1529 1460 1643 1567 sarra,
1701 1485 1832 1569 usqne
1862 1461 1911 1548 ad
1940 1463 2152 1554 secundam

609 1614 715 1700 dorsa
747 1615 1000 1714 vertebram3
1032 1610 1081 1694 ad
1121 1633 1244 1715 quem
1283 1630 1384 1692 vero
1424 1610 1559 1690 locum
1595 1629 1719 1710 quum
1750 1603 2029 1712 pervenissem
2059 1630 2152 1692 erra·

607 1755 823 1859 minando,
851 1759 925 1838 vix
953 1750 1225 1860 oesophagum
1251 1749 1494 1858 dignoscere
1520 1752 1664 1854 potui;
1707 1749 1802 1830 loco
1838 1748 1948 1830 enim
1979 1751 2151 1849 mnalis,

611 1904 679 2006 qui
709 1894 880 2002 cylindri
913 1894 1082 1979 sormam
1117 1895 1262 1975 habere
1293 1892 1443 1993 debet,
1472 1889 1675 1997 adjacebat
1708 1891 1875 1970 arteriae
1911 1907 2045 1972 nortae
2084 1889 2153 1972 de·

613 2038 822 2122 scendenti
847 2061 994 2144 corpus
1022 2038 1210 2140 planum,
1239 2034 1517 2138 inaequabile,
1547 2031 1826 2135 durissimum,
1856 2029 2153 2136 quodquidam

612 2203 739 2288 prope
769 2178 940 2261 cardiam
966 2180 1087 2284 paulo
1113 2179 1238 2280 magis
1270 2197 1364 2258 cum
1390 2159 1519 2285 figura*
1546 2171 1763 2280 oesophagi
1792 2175 2012 2255 convenire
2039 2169 2154 2256 vido-

611 2322 727 2404 batur
761 2339 804 2403 et
829 2323 949 2424 paulo
984 2339 1069 2402 crat
1105 2321 1281 2402 mollius.
1544 2401 1545 2406 a

665 2464 714 2546 In
744 2461 951 2569 superiore
977 2460 1098 2568 hujus
1123 2459 1387 2544 indurationis
1415 2475 1529 2568 parte
1562 2458 1779 2568 apparebat
1813 2453 1996 2564 glandula
2011 2459 2017 2472 '
2035 2477 2157 2562 quae-‚-

610 2601 698 2686 dam
737 2607 948 2708 coerulea,
986 2603 1343 2708 praetermodum
1383 2626 1525 2711 magna
1560 2621 1604 2686 et
1641 2601 1865 2702 durissima;
1893 2602 1994 2683 hanc
2027 2622 2153 2705 quum

608 2748 768 2828 elevare
796 2767 982 2846 conarer,
1011 2745 1166 2830 effluxit
1194 2768 1249 2830 ex
1276 2744 1414 2830 dextra
1438 2744 1699 2830 indurationis
1728 2760 1838 2850 parte
1863 2743 2047 2824 materies
2079 2761 2155 2846 pu·

610 2888 795 2988 rulenta,
818 2888 890 2970 vel
914 2884 1124 2991 ichorosa‚
1156 2889 1354 2993 ingratum
1386 2883 1604 2970 admodum
1629 2884 1797 2969 odorem
1829 2882 2041 2990 spargeus3
2071 2877 2153 2966 sua·

611 3029 771 3133 picabar
797 3025 876 3130 jam
909 3023 1169 3129 praesentiam
1214 3030 1363 3112 ulceris
1399 3027 1521 3133 ipsrus
1555 3026 1801 3134 oesophagi,
1856 3042 1979 3128 atque
2008 3025 2052 3105 in
2079 3021 2153 3104 hac

611 3163 838 3272 suspicione
866 3165 1152 3271 confirmabar,
1183 3193 1309 3274 quum
1348 3168 1554 3271 viderem,
1584 3166 1816 3276 compresso
1856 3189 1976 3250 manu
2000 3168 2153 3249 ventri·

612 3314 707 3395 culo
736 3328 777 3390 et
800 3306 855 3391 src
882 3305 1034 3392 sursum
1061 3308 1186 3394 ducto
1220 3308 1377 3413 fluido,
1408 3307 1519 3414 quod
1548 3310 1628 3392 hoc
1654 3313 1812 3391 viscere
1841 3305 2150 3407 continebatur,

612 3465 667 3534 ex
704 3453 816 3532 omni
841 3467 992 3532 tractu
1028 3451 1293 3534 indurationis
1339 3471 1519 3552 notatae,
1570 3452 1678 3555 prius
1716 3454 1760 3532 in
1794 3448 1955 3550 dextra,
2007 3443 2154 3530 deinde

612 3585 741 3678 etiam
760 3598 804 3677 in
832 3592 987 3678 srnistra
1019 3612 1157 3700 parte,
1192 3592 1358 3676 srmilem
1380 3597 1585 3676 materiem
1613 3593 1808 3690 effluere,
1837 3611 1957 3695 quem
1984 3584 2064 3692 iarn
2093 3589 2153 3670 vi·

615 3731 760 3815 debam
797 3731 885 3815 csse
914 3734 1129 3836 chymum,
1157 3753 1320 3814 mucum
1356 3753 1398 3815 et
1429 3733 1596 3818 succum
1636 3737 1852 3842 gastricum
1888 3749 2151 3836 corruptum,

613 3895 705 3954 eum
735 3871 876 3964 ichore
900 3875 1049 3954 ulceris
1079 3873 1256 3955 cancroli
1286 3870 1509 3982 oesophagi
1532 3879 1716 3960 mixtum.

665 4013 752 4121 Jam
787 4032 881 4118 ergo
917 4009 1036 4101 facile
1075 4015 1378 4121 percipiebam,
1416 4020 1682 4123 posteriorem
1709 4021 1904 4123 parietem
1930 4013 2155 4123 oesophagi

614 4149 870 4234 consumtum
891 4172 934 4237 et
955 4157 999 4236 in
1019 4157 1223 4262 liquamen
1248 4157 1454 4265 putridum
1481 4179 1675 4244 mumtum
1695 4157 1795 4243 esse.
1832 4159 1981 4242 Sustuli
2001 4156 2150 4241 idcirco

614 4315 710 4378 eum
745 4317 838 4377 cum
873 4299 1004 4401 aliqua
1037 4304 1225 4406 portione
1261 4299 1477 4408 superioris
1503 4308 1624 4422 partis
1651 4301 1765 4386 sanae
1786 4321 1830 4386 et
1858 4327 1907 4387 ea
1930 4299 2154 4384 ventriculi·

614 4453 749 4542 parte,
801 4437 868 4518 cui
900 4437 1101 4524 adnexum
1139 4463 1222 4526 erat
1261 4466 1409 4551 corpus
1448 4442 1753 4552 glandulosum;
1792 4463 1917 4548 utque
1953 4441 2034 4522 hoc
2067 4437 2153 4522 line
2199 4437 2205 4455 ’

611 4575 802 4658 ulteriore
841 4581 1011 4685 partium
1051 4584 1194 4665 morbo
1239 4585 1473 4670 affectatum
1515 4588 1689 4671 lnesrone
1734 4583 1928 4693 perficere
1963 4577 2154 4690 possem,

610 4711 787 4822 separavi
826 4721 1047 4828 prudenter
1078 4723 1325 4835 superiorem
1367 4729 1500 4832 sanam
1534 4728 1753 4838 oesophap·
1793 4747 1975 4836 purtem
2027 4725 2158 4827 ‘sm
