4774 6330
546 450 599 538 so
694 433 934 522 lconurt
970 428 1956 522 aaaronrcoverrrrotocrcsaurr

541 671 736 738 tonantum
774 677 967 762 apparens
1001 656 1189 738 levamen
1220 653 1502 761 experiebatur
1541 652 1684 759 miser,
1714 652 1785 739 sed
1820 658 1933 739 locus
1962 651 2084 737 affec·

544 811 609 876 tus
645 789 786 880 sensrrn
823 799 947 904 magis
978 793 1203 894 relucebat,
1248 811 1291 875 et
1326 792 1468 876 dolore
1502 793 1616 878 limul
1659 819 1682 876 a
1720 785 1886 880 transitu
1921 816 2083 894 eorum,

540 957 639 1038 quae
665 933 987 1038 descendebant,
1009 935 1279 1034 afficiebatur,
1310 937 1573 1036 anxietatibus
1594 934 1795 1020 interdum
1825 934 1980 1018 summo
2003 957 2083 1042 gra·

542 1075 598 1160 dn
631 1074 945 1179 accedentibus,
975 1099 1069 1160 curn
1102 1072 1325 1180 rejectione
1349 1064 1512 1178 eorum,
1541 1097 1644 1182 quae
1680 1073 1878 1180 degluti-re
1914 1077 2081 1156 conaba-

543 1235 608 1302 tur
637 1233 681 1300 et
710 1235 823 1300 antea
849 1212 1048 1322 deglutire
1075 1232 1248 1318 poterat.
1289 1213 1471 1301 Tandem
1495 1214 1545 1298 ad
1571 1215 1768 1300 summum
1791 1213 1951 1324 gradum
1975 1238 2098 1308 ema,

541 1361 666 1442 cintus
693 1377 737 1443 et
764 1356 910 1442 debilis
941 1378 1007 1440 me
1037 1353 1148 1441 adiit.
1191 1353 1259 1438 Ex
1285 1359 1364 1460 iis,
1394 1379 1493 1462 quae
1527 1357 1626 1474 mihi
1654 1355 1814 1460 retulit,
1847 1351 1968 1439 facile
1999 1354 2079 1460 jam

535 1494 650 1601 vidi,
680 1499 829 1580 maltnn
860 1517 944 1579 non
978 1513 1132 1578 tanturn
1153 1517 1237 1577 non
1261 1494 1379 1601 posse
1413 1501 1568 1602 curari,
1599 1498 1668 1583 sed
1688 1499 1805 1584 brevi
1833 1491 1920 1581 fore
1943 1495 2082 1580 funes·

535 1657 642 1738 tum3
671 1661 722 1720 ne
747 1655 881 1722 autern
896 1699 911 1742 ,
940 1642 984 1722 in
1011 1639 1113 1720 tristi
1136 1637 1216 1719 hoc
1243 1633 1372 1743 statu,
1400 1641 1590 1724 auxilium
1617 1662 1754 1723 mcum
1781 1637 1926 1722 misero
1953 1639 2083 1721 immi-

538 1778 706 1862 sericors
738 1797 882 1884 negare
914 1779 1024 1861 velle
1063 1775 1250 1880 viderer,
1287 1777 1588 1864 demulcentem
1624 1781 1696 1886 ipsr
1733 1783 1944 1864 mixturam
1984 1800 2079 1861 cum

537 1919 703 2005 Gummi
730 1921 908 2020 arabico,
935 1914 1058 2002 succo
1084 1916 1186 2028 insp.
1211 1919 1381 2004 Cicutae
1406 1938 1447 2003 et
1473 1919 1617 2027 sympo
1630 1923 1804 2004 Altheae
1829 1917 2079 2026 praescripfi,

534 2079 654 2162 qttam
681 2075 814 2142 autern
840 2079 967 2164 aeque
1001 2065 1280 2164 minutasque
1310 2063 1403 2163 lac,
1443 2062 1556 2169 quod
1586 2062 1716 2145 solum
1749 2061 1823 2169 ipli
1856 2064 2077 2144 nutrimen-

537 2213 624 2281 tum
658 2195 735 2304 Jam
767 2217 840 2305 per
874 2199 1029 2304 aliquot
1054 2197 1329 2284 hebdomades
1351 2198 1508 2304 fuerat,
1544 2205 1712 2286 ulterius
1737 2199 1789 2281 nd
1811 2203 2078 2284 vermiculum
2223 2303 2230 2314 ‚

533 2333 680 2420 ducere
708 2341 867 2444 potuit;
906 2335 1089 2444 adeoque
1122 2338 1238 2420 brevi
1272 2357 1388 2446 post,
1420 2365 1539 2446 quam
1578 2341 1628 2424 ad
1652 2365 1717 2426 me
1738 2359 1929 2446 venerat,
1970 2366 2077 2424 mor·

533 2493 625 2564 tuus
654 2497 732 2564 eat.
1189 2505 1193 2513 ·

577 2615 635 2746 'in
668 2621 850 2702 examine
885 2615 1088 2706 mdavens
1123 2623 1233 2706 nulla
1273 2647 1363 2732 pars
1393 2629 1437 2708 in
1468 2643 1562 2707 toto
1593 2644 1767 2732 corpore
1795 2620 1875 2704 fuit
1906 2641 1993 2700 non
2029 2617 2077 2700 ad

528 2753 724 2846 summum
774 2759 937 2866 gradum
987 2766 1199 2864 amacium
1254 2765 1399 2866 nulla,
1465 2783 1622 2872 praeter
1665 2762 1962 2868 oesophagum,
2004 2760 2075 2843 ali·

533 2917 649 3000 quam
682 2895 829 2993 asana
861 2895 1054 2986 structam
1084 2905 1350 2988 mutationem
1390 2925 1548 3010 praeter
1587 2907 1917 2988 extenuationem
1960 2922 2074 2986 mon·

533 3031 688 3120 nrabrc

591 3173 854 3284 Oesopbagns
886 3179 932 3260 in
963 3175 1169 3288 superiore
1206 3201 1317 3290 parte
1344 3203 1427 3270 erat
1461 3185 1597 3290 sanrrs;
1631 3185 1683 3268 ad
1707 3183 1948 3270 divifionem
1969 3203 2071 3265 vcro

537 3335 701 3426 asperae
755 3321 919 3402 arteriae
963 3321 1009 3404 in
1050 3321 1242 3408 bronchia
1285 3324 1493 3413 indurants
1525 3347 1567 3408 et
1608 3349 1701 3408 cnm
1742 3321 1939 3431 glandulis
1981 3321 2084 3428 atris·

534 3451 760 3544 Veialianis
792 3458 914 3542 ctiam
944 3457 1137 3548 induratis
1171 3483 1413 3566 concrears3
1441 3465 1537 3552 inde
1573 3465 1624 3550 ad
1657 3485 1829 3572 quatuor
1851 3461 2071 3569 digitorum

531 3595 782 3686 latitudinem
820 3597 1140 3708 conspiciebatur
1177 3609 1327 3692 undis
1361 3608 1564 3692 mutuno
1606 3631 1701 3690 cnm
1744 3621 1862 3686 aucta
1900 3601 2072 3685 crasfitie

536 3739 787 3840 tunicannn,
836 3743 881 3826 in
916 3737 1109 3828 inferiore
1151 3765 1264 3852 pane
1304 3771 1517 3856 pammper
1551 3747 1675 3832 solito
1717 3745 1926 3830 crasfiures
1960 3759 2073 3826 erant

520 3877 718 3982 tunicae,
737 3877 918 3964 nondum
940 3902 1039 3968 vcro
1059 3881 1290 3988 induratae;
1315 3887 1441 3972 cardia
1461 3909 1625 3992 qnoque
1646 3887 1773 3970 libera
1795 3901 1880 3966 erat
1900 3880 2070 3980 amalo,

535 4027 577 4100 at
604 4017 736 4104 onrnis
767 4019 984 4106 venuicuii
1014 4019 1224 4114 substantia
1254 4025 1362 4112 sana.

588 4153 773 4244 &blattas
797 4179 851 4246 aa
879 4181 1052 4270 corpore
1088 4163 1342 4276 oesopbrgus
1372 4189 1493 4277 atquc
1526 4191 1602 4276 per
1627 4161 1925 4272 longitudinem
1958 4183 2069 4267 aper·

532 4313 622 4402 rus,
650 4313 836 4384 manum
868 4297 986 4408 buius
1022 4309 1146 4413 parts
1176 4305 1358 4396 munem
1391 4313 1563 4398 merrus
1591 4309 1840 4408 mumma
1867 4328 1953 4386 non
1978 4323 2063 4386 ran-

533 4455 620 4524 tunr
652 4439 758 4522 enlm
794 4437 1001 4546 glandulae
1037 4445 1269 4556 rimer
1301 4469 1414 4538 ermr
1447 4447 1652 4536 induratae
1689 4465 1735 4528 et
1766 4437 2068 4552 compreslione

533 4577 750 4686 wilm
777 4575 896 4690 hujus
931 4585 1055 4692 imit
1077 4583 1386 4704 pmdlloeban,
1431 4611 1576 4680 renam
1608 4591 1732 4674 etiam
1756 4583 1868 4696 ipsae
1901 4581 2081 4674 eunicae
