4774 6330
594 417 656 526 ‚pi
739 421 976 506 leus-en
1020 412 1997 508 Auresource-larnoooarcaauu

591 643 849 742 arctissimus,
897 641 956 722 uti
993 635 1248 746 inspectione
1292 635 1450 720 tabulae
1485 633 1666 725 decimae
1706 655 1883 748 apparet.
1951 639 2132 728 Similem

593 781 754 888 quidem
786 787 829 882 in
869 767 1186 890 magnitudinem
1226 796 1430 864 excretam
1462 775 1686 884 glandulam
1717 777 1982 886 thyrioideam
2015 781 2132 864 nobis

593 925 779 1008 exhibuit
799 925 863 1009 Cl.
887 924 1131 1025 Baillie,
1171 917 1282 1026 quod
1314 923 1461 1004 vitium
1478 913 1729 1002 lronclrrele
1751 921 1934 1030 appellat·
1953 917 2041 1020 (1);·
2062 925 2140 1008 ilie

588 1091 687 1150 vero
722 1065 905 1178 glandula
942 1063 1171 1174 thyrioidea
1210 1087 1294 1146 non
1335 1063 1380 1143 in
1412 1058 1604 1146 scirrhum
1631 1060 1786 1148 durum
1828 1081 1915 1146 erat
1953 1081 2132 1162 mutata,

590 1207 663 1292 sed
689 1225 823 1314 aperta
851 1210 1003 1309 cultro,
1032 1227 1079 1292 ut
1112 1209 1281 1312 interior
1314 1199 1529 1288 substantia
1561 1223 1793 1314 appareret,
1823 1205 2008 1294 exhibuit
2040 1203 2128 1287 sub·

585 1349 765 1435 stantiam
802 1347 1034 1434 cellnlosam
1070 1351 1232 1432 laxioris
1269 1365 1454 1447 naturae,
1479 1350 1612 1432 ita‘ut
1636 1345 1785 1430 cedere
1816 1347 1993 1455 potuerit
2025 1343 2129 1450 adja-

586 1493 773 1596 centibus
809 1493 1011 1597 partibus‚
1047 1513 1193 1594 easque
1219 1485 1285 1571 sun
1310 1491 1483 1572 mollitie
1520 1493 1787 1598 comprimere
1823 1513 1910 1576 non
1949 1491 2131 1586 valeret;

586 1611 630 1712 in
660 1631 739 1712 hoc
777 1653 875 1714 vero
912 1629 1163 1743 specimine,
1207 1656 1332 1736 quum
1370 1628 1548 1714 dextram
1582 1631 1669 1738 ejus
1705 1649 1884 1738 partem,
1929 1628 2125 1714 incisrone

584 1767 711 1874 fiacta,
740 1776 1031 1876 examinarem,
1062 1777 1201 1856 inveni
1224 1770 1477 1870 substantiam
1506 1793 1789 1879 compactam,
1812 1771 2031 1858 'admodum
2057 1769 2129 1854 du·

586 1936 691 2016 ram,
726 1917 952 1998 nullatenus
980 1917 1234 1998 cancellatum
1264 1910 1349 2018 (2),
1379 1917 1435 1998 ita
1457 1933 1504 1998 ut
1528 1914 1798 2028 adjacentium
1822 1919 1994 2024 partium
2018 1933 2129 1994 com·
2155 1983 2163 1999 .

582 2053 777 2161 pressiori
820 2075 904 2135 non
939 2072 1088 2138 tanturn
1133 2053 1271 2162 posset
1309 2057 1516 2164 resrstere,
1573 2062 1871 2142 verumetiam
1902 2055 1973 2140 sua
2012 2057 2120 2138 mole

580 2193 741 2276 easdem
792 2171 1089 2302 comprimere,
1152 2217 1271 2303 atque
1314 2201 1368 2281 ita
1410 2221 1544 2284 eantur
1584 2195 1843 2284 functionem
1886 2193 2121 2306 impedire,

584 2336 685 2420 srcut
722 2336 938 2421 certissrme
964 2337 1181 2445 impedivit
1202 2337 1454 2426 functionem
1482 2340 1697 2450 superioris
1724 2347 1846 2449 partis
1881 2336 2126 2446 oesophagi,

581 2485 646 2562 cui
681 2475 849 2563 firmiter
890 2477 1157 2585 adhaerebat,
1188 2480 1370 2588 adeoque
1397 2508 1444 2566 ea
1479 2483 1777 2589 compressrone
1812 2479 1944 2566 ansam
1969 2477 2126 2563 dedisse

578 2615 742 2700 videtur
764 2617 1007 2728 dysphagiae
1031 2623 1192 2722 lethali;
1221 2623 1332 2728 quod
1353 2623 1519 2731 quidem
1541 2629 1646 2710 clare
1669 2629 1828 2732 patuit,
1844 2624 1960 2708 srmul
1977 2647 2021 2703 ac
2040 2645 2122 2728 prr-

578 2781 643 2842 tes
685 2758 864 2844 adfectas
898 2786 922 2843 e
958 2785 1131 2870 corpore
1166 2763 1309 2848 sustuli
1347 2784 1388 2848 et
1419 2762 1636 2871 oesophagi
1671 2770 1936 2871 posteriorem
1969 2779 2125 2869 partem

580 2901 775 2986 incisione
797 2923 871 3007 per
891 2900 1186 3008 longitudinem
1202 2912 1364 3012 aperui;
1392 2909 1472 2990 hoc
1490 2910 1601 2990 enirn
1622 2905 1755 3010 sacto,
1777 2910 1988 3014 apparuit,
2015 2908 2122 2990 hunc

582 3044 759 3124 canalem
788 3064 862 3144 per
892 3043 998 3124 hanc
1039 3044 1264 3148 glandulam
1302 3046 1522 3162 induratam
1562 3069 1605 3136 et
1644 3047 1920 3157 magnitudine
1964 3045 2121 3152 insigni-

583 3200 643 3266 ter
667 3201 824 3263 auctam
842 3181 941 3262 adeo
967 3203 1119 3266 aretum
1139 3183 1294 3272 sactum
1321 3187 1476 3291 fuisse,
1505 3209 1552 3274 ut
1570 3195 1638 3276 via
1663 3190 1890 3298 ingerendis
1917 3189 2120 3272 alimentis

582 3345 633 3404 eo
672 3322 761 3405 fere
796 3326 959 3426 penitus
986 3321 1112 3408 suerit
1145 3327 1351 3432 praeclusa
1379 3325 1464 3432 (ὣς
1490 3335 1576 3437 eui,
1610 3349 1900 3440 postmortem
1927 3329 2120 3430 detecto,

582 3467 687 3549 malo
719 3459 869 3544 summa
897 3464 1050 3545 macies
1084 3471 1211 3552 totius
1235 3477 1418 3577 corporis
1440 3491 1617 3558 et-mors
1648 3472 1859 3558 tribuenda
1880 3470 2060 3555 videtur.

638 3605 798 3688 Similes
823 3602 1010 3708 equidem
1033 3625 1210 3696 mmores
1241 3609 1360 3696 duros
1388 3613 1594 3720 glandulae
1621 3611 1876 3720 thyrioideae
1903 3607 2118 3692 observavi

581 3765 622 3826 et
652 3742 803 3846 saepius
841 3768 934 3824 cum
969 3733 1102 3828 fausto
1139 3747 1350 3858 successu,
1378 3754 1568 3841 adhibitis
1595 3760 1698 3864 aptis
1725 3752 1942 3852 remediis,
1973 3773 2047 3832 eos
2069 3744 2118 3828 ad

580 3883 791 3985 benignam
823 3879 1109 3970 resolutionem
1142 3893 1365 3996 perducere
1390 3898 1488 3980 mihi
1511 3901 1650 3998 licuit3
1680 3898 1789 3978 hunc
1815 3897 1860 3975 in
1882 3889 2007 3973 finem
2029 3887 2116 3969 suc·

582 4045 652 4104 tus
689 4017 914 4126 inspissatur
949 4026 1104 4109 cicutae
1130 4055 1224 4116 cum
1250 4041 1451 4122 mercurio
1489 4037 1598 4122 dulci
1623 4042 1732 4120 intus
1763 4036 1899 4138 datus,
1930 4031 2025 4114 dum
2055 4049 2120 4112 tu·

579 4185 734 4250 rnorem
766 4166 980 4266 emplastro
1020 4173 1180 4255 cicutae
1205 4191 1251 4258 et
1277 4175 1508 4287 hydrargyri
1534 4177 1751 4287 tegendum
1780 4177 1994 4272 curabam,
2023 4173 2118 4277 plus

581 4301 703 4386 semel
728 4303 889 4408 egregie
921 4301 1046 4412 scopo
1076 4307 1290 4404 satisfecit.

616 4517 673 4600 (t)
694 4513 794 4584 crnf.
818 4517 872 4584 Cs.
896 4517 969 4588 eat
981 4523 990 4585 1
1004 4523 1086 4612 tie,
1107 4551 1129 4594 a
1143 4529 1242 4612 series
1262 4535 1306 4618 of
1315 4539 1505 4626 engravr'ngs
1527 4533 1748 4628 recompensari
1765 4533 1863 4600 abach
1875 4529 2111 4620 expsamlsomv

573 4631 669 4696 ulrich
688 4650 745 4694 are
767 4631 915 4698 intended
932 4651 964 4700 ro
982 4639 1146 4712 illustrate
1166 4649 1218 4714 the
1237 4649 1363 4716 ararad
1381 4669 1549 4736 aretenta,
1571 4652 1693 4722 Poscit.
1717 4651 1760 4719 ΙΙ.
1785 4649 1861 4732 lle.
1881 4647 1925 4718 ll·

593 4745 678 4830 ·(r)
698 4741 797 4814 Ceos.
821 4744 906 4818 Tau.
928 4748 987 4820 tx.
1011 4773 1042 4821 e.
1251 4765 1308 4851 (3)
1331 4765 1432 4837 Cani.
1457 4767 1542 4838 sab.
1565 4769 1610 4840 lt.
