<?xml version="1.0" encoding="UTF-8"?>
<!DOCTYPE html PUBLIC "-//W3C//DTD XHTML 1.0 Transitional//EN"
    "http://www.w3.org/TR/xhtml1/DTD/xhtml1-transitional.dtd">
<html xmlns="http://www.w3.org/1999/xhtml" xml:lang="en" lang="en">
 <head>
  <title>
</title>
<meta http-equiv="Content-Type" content="text/html;charset=utf-8" />
  <meta name='ocr-system' content='tesseract 3.04.00' />
  <meta name='ocr-capabilities' content='ocr_page ocr_carea ocr_par ocr_line ocrx_word'/>
</head>
<body>
  <div class='ocr_page' id='page_1' title='image "./iconesanatomico01bleugoog_0070.png"; bbox 0 0 4736 6344; ppageno 0'>
   <div class='ocr_carea' id='block_1_1' title="bbox 365 453 1783 583">
    <p class='ocr_par' dir='ltr' id='par_1_1' title="bbox 365 453 1783 583">
     <span class='ocr_line' id='line_1_1' title="bbox 365 453 1783 583; baseline 0.039 -54"><span class='ocrx_word' id='word_1_1' title='bbox 365 453 1473 556; x_wconf 55' lang='lat' dir='ltr'>’aamercotorurrrrns</span> <span class='ocrx_word' id='word_1_2' title='bbox 1635 500 1637 508; x_wconf 75' lang='grc'>’</span> <span class='ocrx_word' id='word_1_3' title='bbox 1730 479 1783 583; x_wconf 74' lang='lat'>⁶2</span> 
     </span>
    </p>
   </div>
   <div class='ocr_carea' id='block_1_2' title="bbox 151 667 1855 3063">
    <p class='ocr_par' dir='ltr' id='par_1_2' title="bbox 151 667 1855 3063">
     <span class='ocr_line' id='line_1_2' title="bbox 301 667 1786 799; baseline 0.004 -23"><span class='ocrx_word' id='word_1_4' title='bbox 301 682 494 799; x_wconf 78' lang='lat' dir='ltr'>Superior</span> <span class='ocrx_word' id='word_1_5' title='bbox 517 667 735 795; x_wconf 74' lang='lat' dir='ltr'>oesophagi</span> <span class='ocrx_word' id='word_1_6' title='bbox 760 705 873 794; x_wconf 88' lang='lat' dir='ltr'>para,</span> <span class='ocrx_word' id='word_1_7' title='bbox 899 679 1084 790; x_wconf 83' lang='lat' dir='ltr'>pharynx</span> <span class='ocrx_word' id='word_1_8' title='bbox 1104 701 1223 792; x_wconf 88' lang='lat' dir='ltr'>atque</span> <span class='ocrx_word' id='word_1_9' title='bbox 1244 685 1435 793; x_wconf 81' lang='lat' dir='ltr'>inferior,</span> <span class='ocrx_word' id='word_1_10' title='bbox 1467 688 1559 778; x_wconf 86' lang='lat' dir='ltr'>satis</span> <span class='ocrx_word' id='word_1_11' title='bbox 1584 691 1696 780; x_wconf 91' lang='lat' dir='ltr'>sacili</span> <span class='ocrx_word' id='word_1_12' title='bbox 1715 721 1786 782; x_wconf 90' lang='lat' dir='ltr'>ne·</span> 
     </span>
     <span class='ocr_line' id='line_1_3' title="bbox 244 828 1781 940; baseline 0.004 -26"><span class='ocrx_word' id='word_1_13' title='bbox 244 837 381 940; x_wconf 87' lang='lat' dir='ltr'>gotio,</span> <span class='ocrx_word' id='word_1_14' title='bbox 409 833 471 916; x_wconf 94' lang='lat' dir='ltr'>uti</span> <span class='ocrx_word' id='word_1_15' title='bbox 496 829 627 937; x_wconf 90' lang='lat' dir='ltr'>solet,</span> <span class='ocrx_word' id='word_1_16' title='bbox 662 853 686 912; x_wconf 92' lang='lat' dir='ltr'>a</span> <span class='ocrx_word' id='word_1_17' title='bbox 711 828 983 912; x_wconf 89' lang='lat' dir='ltr'>vertebrarum</span> <span class='ocrx_word' id='word_1_18' title='bbox 1009 830 1246 934; x_wconf 85' lang='lat' dir='ltr'>corporibus</span> <span class='ocrx_word' id='word_1_19' title='bbox 1272 828 1374 914; x_wconf 89' lang='lat' dir='ltr'>solvi</span> <span class='ocrx_word' id='word_1_20' title='bbox 1402 851 1618 940; x_wconf 83' lang='lat' dir='ltr'>poterant3</span> <span class='ocrx_word' id='word_1_21' title='bbox 1646 837 1781 922; x_wconf 88' lang='lat' dir='ltr'>media</span> 
     </span>
     <span class='ocr_line' id='line_1_4' title="bbox 243 969 1783 1086; baseline 0.003 -28"><span class='ocrx_word' id='word_1_22' title='bbox 243 993 347 1060; x_wconf 87' lang='lat' dir='ltr'>vero</span> <span class='ocrx_word' id='word_1_23' title='bbox 371 995 463 1082; x_wconf 84' lang='lat' dir='ltr'>pars</span> <span class='ocrx_word' id='word_1_24' title='bbox 486 969 537 1055; x_wconf 87' lang='lat' dir='ltr'>ad</span> <span class='ocrx_word' id='word_1_25' title='bbox 564 971 792 1057; x_wconf 82' lang='lat' dir='ltr'>distantiam</span> <span class='ocrx_word' id='word_1_26' title='bbox 813 984 984 1074; x_wconf 85' lang='lat' dir='ltr'>quatuor</span> <span class='ocrx_word' id='word_1_27' title='bbox 1006 971 1201 1074; x_wconf 89' lang='lat' dir='ltr'>pollicum</span> <span class='ocrx_word' id='word_1_28' title='bbox 1225 989 1269 1056; x_wconf 89' lang='lat' dir='ltr'>et</span> <span class='ocrx_word' id='word_1_29' title='bbox 1292 975 1395 1058; x_wconf 82' lang='lat' dir='ltr'>ultra</span> <span class='ocrx_word' id='word_1_30' title='bbox 1420 979 1476 1059; x_wconf 90' lang='lat' dir='ltr'>ita</span> <span class='ocrx_word' id='word_1_31' title='bbox 1497 977 1612 1062; x_wconf 88' lang='lat' dir='ltr'>hisce</span> <span class='ocrx_word' id='word_1_32' title='bbox 1635 1000 1783 1086; x_wconf 87' lang='lat' dir='ltr'>corpo-</span> 
     </span>
     <span class='ocr_line' id='line_1_5' title="bbox 236 1107 1781 1222; baseline 0.005 -22"><span class='ocrx_word' id='word_1_33' title='bbox 236 1115 350 1200; x_wconf 80' lang='lat' dir='ltr'>ribus</span> <span class='ocrx_word' id='word_1_34' title='bbox 380 1133 466 1200; x_wconf 89' lang='lat' dir='ltr'>erat</span> <span class='ocrx_word' id='word_1_35' title='bbox 493 1133 675 1219; x_wconf 80' lang='lat' dir='ltr'>acereta,</span> <span class='ocrx_word' id='word_1_36' title='bbox 715 1131 763 1199; x_wconf 90' lang='lat' dir='ltr'>ut</span> <span class='ocrx_word' id='word_1_37' title='bbox 790 1107 941 1196; x_wconf 86' lang='lat' dir='ltr'>summa</span> <span class='ocrx_word' id='word_1_38' title='bbox 971 1133 1065 1195; x_wconf 90' lang='lat' dir='ltr'>cura</span> <span class='ocrx_word' id='word_1_39' title='bbox 1093 1109 1220 1196; x_wconf 88' lang='lat' dir='ltr'>fuerit</span> <span class='ocrx_word' id='word_1_40' title='bbox 1250 1135 1355 1222; x_wconf 87' lang='lat' dir='ltr'>opus</span> <span class='ocrx_word' id='word_1_41' title='bbox 1380 1112 1431 1198; x_wconf 87' lang='lat' dir='ltr'>ad</span> <span class='ocrx_word' id='word_1_42' title='bbox 1459 1117 1560 1200; x_wconf 86' lang='lat' dir='ltr'>banc</span> <span class='ocrx_word' id='word_1_43' title='bbox 1588 1119 1637 1202; x_wconf 92' lang='lat' dir='ltr'>ab</span> <span class='ocrx_word' id='word_1_44' title='bbox 1665 1119 1781 1207; x_wconf 84' lang='lat' dir='ltr'>hisce</span> 
     </span>
     <span class='ocr_line' id='line_1_6' title="bbox 236 1249 1783 1366; baseline 0 -24"><span class='ocrx_word' id='word_1_45' title='bbox 236 1255 493 1358; x_wconf 70' lang='lat' dir='ltr'>solvendam</span> <span class='ocrx_word' id='word_1_46' title='bbox 517 1279 604 1362; x_wconf 65' lang='lat' dir='ltr'>vquo</span> <span class='ocrx_word' id='word_1_47' title='bbox 634 1274 767 1339; x_wconf 88' lang='lat' dir='ltr'>tamen</span> <span class='ocrx_word' id='word_1_48' title='bbox 794 1249 932 1358; x_wconf 83' lang='lat' dir='ltr'>iacto,</span> <span class='ocrx_word' id='word_1_49' title='bbox 961 1251 1144 1362; x_wconf 87' lang='lat' dir='ltr'>apparuit</span> <span class='ocrx_word' id='word_1_50' title='bbox 1164 1254 1350 1360; x_wconf 86' lang='lat' dir='ltr'>phorynx</span> <span class='ocrx_word' id='word_1_51' title='bbox 1376 1255 1467 1344; x_wconf 87' lang='lat' dir='ltr'>satis</span> <span class='ocrx_word' id='word_1_52' title='bbox 1493 1261 1648 1366; x_wconf 80' lang='lat' dir='ltr'>ampla3</span> <span class='ocrx_word' id='word_1_53' title='bbox 1677 1257 1783 1352; x_wconf 85' lang='lat' dir='ltr'>infra</span> 
     </span>
     <span class='ocr_line' id='line_1_7' title="bbox 234 1396 1782 1510; baseline 0.002 -26"><span class='ocrx_word' id='word_1_54' title='bbox 234 1419 338 1484; x_wconf 86' lang='lat' dir='ltr'>vero</span> <span class='ocrx_word' id='word_1_55' title='bbox 361 1401 612 1510; x_wconf 84' lang='lat' dir='ltr'>pharyngem</span> <span class='ocrx_word' id='word_1_56' title='bbox 642 1396 897 1505; x_wconf 85' lang='lat' dir='ltr'>oesophagus</span> <span class='ocrx_word' id='word_1_57' title='bbox 924 1415 1005 1478; x_wconf 87' lang='lat' dir='ltr'>erat</span> <span class='ocrx_word' id='word_1_58' title='bbox 1031 1397 1193 1481; x_wconf 84' lang='lat' dir='ltr'>naturali</span> <span class='ocrx_word' id='word_1_59' title='bbox 1226 1401 1397 1503; x_wconf 84' lang='lat' dir='ltr'>arctior,</span> <span class='ocrx_word' id='word_1_60' title='bbox 1424 1397 1674 1506; x_wconf 84' lang='lat' dir='ltr'>compressus</span> <span class='ocrx_word' id='word_1_61' title='bbox 1707 1425 1782 1509; x_wconf 85' lang='lat' dir='ltr'>per</span> 
     </span>
     <span class='ocr_line' id='line_1_8' title="bbox 237 1536 1783 1652; baseline 0.003 -30"><span class='ocrx_word' id='word_1_62' title='bbox 237 1536 462 1646; x_wconf 88' lang='lat' dir='ltr'>glandularn</span> <span class='ocrx_word' id='word_1_63' title='bbox 490 1539 758 1646; x_wconf 86' lang='lat' dir='ltr'>thyrioideam</span> <span class='ocrx_word' id='word_1_64' title='bbox 791 1555 834 1622; x_wconf 87' lang='lat' dir='ltr'>ct</span> <span class='ocrx_word' id='word_1_65' title='bbox 854 1561 1009 1646; x_wconf 89' lang='lat' dir='ltr'>corpus</span> <span class='ocrx_word' id='word_1_66' title='bbox 1039 1537 1317 1644; x_wconf 87' lang='lat' dir='ltr'>glandulosum</span> <span class='ocrx_word' id='word_1_67' title='bbox 1354 1538 1521 1652; x_wconf 82' lang='lat' dir='ltr'>durum,</span> <span class='ocrx_word' id='word_1_68' title='bbox 1554 1539 1673 1631; x_wconf 85' lang='lat' dir='ltr'>iufra·-</span> <span class='ocrx_word' id='word_1_69' title='bbox 1692 1567 1783 1638; x_wconf 87' lang='lat' dir='ltr'>eam</span> 
     </span>
     <span class='ocr_line' id='line_1_9' title="bbox 226 1677 1855 1790; baseline 0.004 -24"><span class='ocrx_word' id='word_1_70' title='bbox 226 1677 380 1787; x_wconf 77' lang='lat' dir='ltr'>litum3</span> <span class='ocrx_word' id='word_1_71' title='bbox 423 1679 532 1790; x_wconf 87' lang='lat' dir='ltr'>ipsae</span> <span class='ocrx_word' id='word_1_72' title='bbox 564 1700 698 1770; x_wconf 84' lang='lat' dir='ltr'>autent</span> <span class='ocrx_word' id='word_1_73' title='bbox 726 1679 949 1790; x_wconf 66' lang='lat' dir='ltr'>‘oesophagi</span> <span class='ocrx_word' id='word_1_74' title='bbox 984 1683 1145 1764; x_wconf 84' lang='lat' dir='ltr'>tunicae</span> <span class='ocrx_word' id='word_1_75' title='bbox 1176 1680 1244 1764; x_wconf 89' lang='lat' dir='ltr'>hic</span> <span class='ocrx_word' id='word_1_76' title='bbox 1278 1683 1360 1766; x_wconf 90' lang='lat' dir='ltr'>loci</span> <span class='ocrx_word' id='word_1_77' title='bbox 1389 1680 1571 1772; x_wconf 89' lang='lat' dir='ltr'>nondum</span> <span class='ocrx_word' id='word_1_78' title='bbox 1608 1701 1724 1770; x_wconf 86' lang='lat' dir='ltr'>eraut</span> <span class='ocrx_word' id='word_1_79' title='bbox 1758 1695 1782 1770; x_wconf 79' lang='lat' dir='ltr'>a</span> <span class='ocrx_word' id='word_1_80' title='bbox 1849 1765 1855 1772; x_wconf 88' lang='lat'>.</span> 
     </span>
     <span class='ocr_line' id='line_1_10' title="bbox 231 1813 1779 1925; baseline 0.01 -23"><span class='ocrx_word' id='word_1_81' title='bbox 231 1813 337 1904; x_wconf 82' lang='lat' dir='ltr'>statu</span> <span class='ocrx_word' id='word_1_82' title='bbox 367 1824 538 1907; x_wconf 87' lang='lat' dir='ltr'>naturali</span> <span class='ocrx_word' id='word_1_83' title='bbox 569 1822 824 1925; x_wconf 81' lang='lat' dir='ltr'>aberrantes3</span> <span class='ocrx_word' id='word_1_84' title='bbox 848 1822 1004 1908; x_wconf 87' lang='lat' dir='ltr'>abhoc</span> <span class='ocrx_word' id='word_1_85' title='bbox 1031 1843 1132 1906; x_wconf 89' lang='lat' dir='ltr'>vero</span> <span class='ocrx_word' id='word_1_86' title='bbox 1155 1824 1253 1906; x_wconf 90' lang='lat' dir='ltr'>loco</span> <span class='ocrx_word' id='word_1_87' title='bbox 1278 1820 1329 1906; x_wconf 91' lang='lat' dir='ltr'>ad</span> <span class='ocrx_word' id='word_1_88' title='bbox 1353 1821 1587 1908; x_wconf 86' lang='lat' dir='ltr'>distantiam-</span> <span class='ocrx_word' id='word_1_89' title='bbox 1608 1824 1779 1918; x_wconf 78' lang='lat' dir='ltr'>duorum</span> 
     </span>
     <span class='ocr_line' id='line_1_11' title="bbox 230 1957 1781 2072; baseline 0.004 -27"><span class='ocrx_word' id='word_1_90' title='bbox 230 1965 432 2072; x_wconf 85' lang='lat' dir='ltr'>pollicum</span> <span class='ocrx_word' id='word_1_91' title='bbox 471 1957 739 2050; x_wconf 83' lang='lat' dir='ltr'>monstrabant</span> <span class='ocrx_word' id='word_1_92' title='bbox 784 1961 865 2049; x_wconf 90' lang='lat' dir='ltr'>sese</span> <span class='ocrx_word' id='word_1_93' title='bbox 904 1963 1053 2070; x_wconf 81' lang='lat' dir='ltr'>duraa‚&#39;</span> <span class='ocrx_word' id='word_1_94' title='bbox 1094 1961 1145 2046; x_wconf 88' lang='lat' dir='ltr'>ad</span> <span class='ocrx_word' id='word_1_95' title='bbox 1183 1979 1335 2046; x_wconf 92' lang='lat' dir='ltr'>tactum</span> <span class='ocrx_word' id='word_1_96' title='bbox 1376 1967 1677 2072; x_wconf 77' lang='lat' dir='ltr'>cartilaginem,</span> <span class='ocrx_word' id='word_1_97' title='bbox 1723 1987 1781 2051; x_wconf 86' lang='lat' dir='ltr'>at·</span> 
     </span>
     <span class='ocr_line' id='line_1_12' title="bbox 224 2090 1790 2214; baseline 0.006 -30"><span class='ocrx_word' id='word_1_98' title='bbox 224 2122 313 2210; x_wconf 86' lang='lat' dir='ltr'>que</span> <span class='ocrx_word' id='word_1_99' title='bbox 342 2090 551 2188; x_wconf 85' lang='lat' dir='ltr'>concretas</span> <span class='ocrx_word' id='word_1_100' title='bbox 584 2104 747 2214; x_wconf 90' lang='lat' dir='ltr'>prorsus</span> <span class='ocrx_word' id='word_1_101' title='bbox 782 2129 876 2192; x_wconf 87' lang='lat' dir='ltr'>cunr</span> <span class='ocrx_word' id='word_1_102' title='bbox 900 2110 1042 2191; x_wconf 77' lang='lat' dir='ltr'>arteria</span> <span class='ocrx_word' id='word_1_103' title='bbox 1074 2124 1183 2190; x_wconf 87' lang='lat' dir='ltr'>aorta</span> <span class='ocrx_word' id='word_1_104' title='bbox 1213 2103 1511 2207; x_wconf 59' lang='lat' dir='ltr'>descenderam</span> <span class='ocrx_word' id='word_1_105' title='bbox 1538 2127 1641 2212; x_wconf 87' lang='lat' dir='ltr'>quac</span> <span class='ocrx_word' id='word_1_106' title='bbox 1676 2115 1790 2194; x_wconf 86' lang='lat' dir='ltr'>uero</span> 
     </span>
     <span class='ocr_line' id='line_1_13' title="bbox 151 2241 1777 2354; baseline -0.002 -18"><span class='ocrx_word' id='word_1_107' title='bbox 151 2331 153 2336; x_wconf 85' lang='lat'><em>.</em></span> <span class='ocrx_word' id='word_1_108' title='bbox 225 2241 401 2330; x_wconf 83' lang='lat' dir='ltr'>durities</span> <span class='ocrx_word' id='word_1_109' title='bbox 427 2249 544 2330; x_wconf 90' lang='lat' dir='ltr'>altius</span> <span class='ocrx_word' id='word_1_110' title='bbox 569 2243 839 2331; x_wconf 79' lang='lat' dir='ltr'>descendebat</span> <span class='ocrx_word' id='word_1_111' title='bbox 859 2250 902 2332; x_wconf 91' lang='lat' dir='ltr'>in</span> <span class='ocrx_word' id='word_1_112' title='bbox 917 2247 1094 2350; x_wconf 83' lang='lat' dir='ltr'>sinistra,</span> <span class='ocrx_word' id='word_1_113' title='bbox 1120 2271 1245 2352; x_wconf 86' lang='lat' dir='ltr'>quam</span> <span class='ocrx_word' id='word_1_114' title='bbox 1266 2249 1312 2330; x_wconf 90' lang='lat' dir='ltr'>in</span> <span class='ocrx_word' id='word_1_115' title='bbox 1332 2244 1496 2351; x_wconf 89' lang='lat' dir='ltr'>dextra,</span> <span class='ocrx_word' id='word_1_116' title='bbox 1521 2265 1777 2354; x_wconf 83' lang='lat' dir='ltr'>parcensque</span> 
     </span>
     <span class='ocr_line' id='line_1_14' title="bbox 222 2382 1777 2498; baseline 0.004 -32"><span class='ocrx_word' id='word_1_117' title='bbox 222 2382 281 2468; x_wconf 79' lang='lat' dir='ltr'>ad</span> <span class='ocrx_word' id='word_1_118' title='bbox 312 2383 541 2472; x_wconf 82' lang='lat' dir='ltr'>distantiam</span> <span class='ocrx_word' id='word_1_119' title='bbox 572 2407 744 2493; x_wconf 88' lang='lat' dir='ltr'>quatuor</span> <span class='ocrx_word' id='word_1_120' title='bbox 778 2393 976 2498; x_wconf 85' lang='lat' dir='ltr'>pollicum</span> <span class='ocrx_word' id='word_1_121' title='bbox 1014 2415 1037 2473; x_wconf 87' lang='lat' dir='ltr'>a</span> <span class='ocrx_word' id='word_1_122' title='bbox 1072 2389 1231 2491; x_wconf 88' lang='lat' dir='ltr'>cardia,</span> <span class='ocrx_word' id='word_1_123' title='bbox 1276 2390 1351 2472; x_wconf 86' lang='lat' dir='ltr'>ubi</span> <span class='ocrx_word' id='word_1_124' title='bbox 1379 2391 1547 2477; x_wconf 74' lang='lat' dir='ltr'>buenni</span> <span class='ocrx_word' id='word_1_125' title='bbox 1578 2389 1777 2496; x_wconf 56' lang='lat' dir='ltr'>nesepha„</span> 
     </span>
     <span class='ocr_line' id='line_1_15' title="bbox 222 2524 1775 2634; baseline -0.003 -18"><span class='ocrx_word' id='word_1_126' title='bbox 222 2528 272 2633; x_wconf 75' lang='lat' dir='ltr'>‚gi</span> <span class='ocrx_word' id='word_1_127' title='bbox 296 2547 386 2632; x_wconf 88' lang='lat' dir='ltr'>pars</span> <span class='ocrx_word' id='word_1_128' title='bbox 416 2524 506 2610; x_wconf 87' lang='lat' dir='ltr'>sana</span> <span class='ocrx_word' id='word_1_129' title='bbox 526 2528 768 2633; x_wconf 78' lang='lat' dir='ltr'>videbatur,</span> <span class='ocrx_word' id='word_1_130' title='bbox 804 2549 848 2614; x_wconf 89' lang='lat' dir='ltr'>et</span> <span class='ocrx_word' id='word_1_131' title='bbox 882 2534 1028 2616; x_wconf 88' lang='lat' dir='ltr'>canalis</span> <span class='ocrx_word' id='word_1_132' title='bbox 1061 2533 1129 2615; x_wconf 91' lang='lat' dir='ltr'>hic</span> <span class='ocrx_word' id='word_1_133' title='bbox 1161 2529 1454 2614; x_wconf 89' lang='lat' dir='ltr'>dimensronern</span> <span class='ocrx_word' id='word_1_134' title='bbox 1478 2527 1625 2634; x_wconf 72' lang='lat' dir='ltr'>iustam</span> <span class='ocrx_word' id='word_1_135' title='bbox 1651 2528 1775 2612; x_wconf 73' lang='lat' dir='ltr'>nabe</span> 
     </span>
     <span class='ocr_line' id='line_1_16' title="bbox 226 2661 1776 2780; baseline 0.003 -33"><span class='ocrx_word' id='word_1_136' title='bbox 226 2661 309 2749; x_wconf 90' lang='lat' dir='ltr'>bat.</span> <span class='ocrx_word' id='word_1_137' title='bbox 379 2665 440 2750; x_wconf 91' lang='lat' dir='ltr'>Ut</span> <span class='ocrx_word' id='word_1_138' title='bbox 476 2685 613 2754; x_wconf 86' lang='lat' dir='ltr'>autern</span> <span class='ocrx_word' id='word_1_139' title='bbox 653 2674 775 2755; x_wconf 87' lang='lat' dir='ltr'>etiam</span> <span class='ocrx_word' id='word_1_140' title='bbox 815 2691 998 2780; x_wconf 81' lang='lat' dir='ltr'>pateret,</span> <span class='ocrx_word' id='word_1_141' title='bbox 1039 2695 1254 2779; x_wconf 87' lang='lat' dir='ltr'>quousque</span> <span class='ocrx_word' id='word_1_142' title='bbox 1300 2668 1521 2776; x_wconf 84' lang='lat' dir='ltr'>oesophagi</span> <span class='ocrx_word' id='word_1_143' title='bbox 1567 2666 1715 2754; x_wconf 88' lang='lat' dir='ltr'>fabrica</span> <span class='ocrx_word' id='word_1_144' title='bbox 1752 2693 1776 2752; x_wconf 86' lang='lat' dir='ltr'>a</span> 
     </span>
     <span class='ocr_line' id='line_1_17' title="bbox 222 2807 1775 2916; baseline 0 -24"><span class='ocrx_word' id='word_1_145' title='bbox 222 2810 397 2894; x_wconf 88' lang='lat' dir='ltr'>naturali</span> <span class='ocrx_word' id='word_1_146' title='bbox 424 2829 468 2893; x_wconf 87' lang='lat' dir='ltr'>et</span> <span class='ocrx_word' id='word_1_147' title='bbox 500 2807 596 2894; x_wconf 87' lang='lat' dir='ltr'>sano</span> <span class='ocrx_word' id='word_1_148' title='bbox 619 2807 723 2896; x_wconf 87' lang='lat' dir='ltr'>stato</span> <span class='ocrx_word' id='word_1_149' title='bbox 755 2819 799 2900; x_wconf 90' lang='lat' dir='ltr'>in</span> <span class='ocrx_word' id='word_1_150' title='bbox 830 2811 1057 2898; x_wconf 88' lang='lat' dir='ltr'>morbosum</span> <span class='ocrx_word' id='word_1_151' title='bbox 1087 2813 1192 2900; x_wconf 85' lang='lat' dir='ltr'>esset</span> <span class='ocrx_word' id='word_1_152' title='bbox 1220 2829 1392 2916; x_wconf 69' lang='lat' dir='ltr'>munta,</span> <span class='ocrx_word' id='word_1_153' title='bbox 1422 2811 1658 2895; x_wconf 86' lang='lat' dir='ltr'>interiorem</span> <span class='ocrx_word' id='word_1_154' title='bbox 1686 2807 1775 2915; x_wconf 85' lang='lat' dir='ltr'>ejus</span> 
     </span>
     <span class='ocr_line' id='line_1_18' title="bbox 225 2945 1770 3063; baseline 0.002 -35"><span class='ocrx_word' id='word_1_155' title='bbox 225 2945 479 3054; x_wconf 81' lang='lat' dir='ltr'>superficiem</span> <span class='ocrx_word' id='word_1_156' title='bbox 509 2957 727 3060; x_wconf 86' lang='lat' dir='ltr'>praecipue</span> <span class='ocrx_word' id='word_1_157' title='bbox 761 2955 1057 3039; x_wconf 82' lang='lat' dir='ltr'>examinandam</span> <span class='ocrx_word' id='word_1_158' title='bbox 1082 2955 1168 3041; x_wconf 91' lang='lat' dir='ltr'>esse</span> <span class='ocrx_word' id='word_1_159' title='bbox 1194 2959 1362 3063; x_wconf 87' lang='lat' dir='ltr'>putavi,</span> <span class='ocrx_word' id='word_1_160' title='bbox 1392 2973 1514 3058; x_wconf 89' lang='lat' dir='ltr'>quare</span> <span class='ocrx_word' id='word_1_161' title='bbox 1535 2974 1611 3059; x_wconf 92' lang='lat' dir='ltr'>per</span> <span class='ocrx_word' id='word_1_162' title='bbox 1639 2953 1770 3056; x_wconf 90' lang='lat' dir='ltr'>longi·</span> 
     </span>
    </p>
   </div>
   <div class='ocr_carea' id='block_1_3' title="bbox 220 3087 1936 3205">
    <p class='ocr_par' dir='ltr' id='par_1_3' title="bbox 220 3087 1936 3205">
     <span class='ocr_line' id='line_1_19' title="bbox 220 3087 1936 3205; baseline 0.002 -33"><span class='ocrx_word' id='word_1_163' title='bbox 220 3087 413 3176; x_wconf 87' lang='lat' dir='ltr'>tudinem</span> <span class='ocrx_word' id='word_1_164' title='bbox 442 3097 587 3200; x_wconf 89' lang='lat' dir='ltr'>aperiri</span> <span class='ocrx_word' id='word_1_165' title='bbox 620 3093 786 3200; x_wconf 85' lang='lat' dir='ltr'>debuit3</span> <span class='ocrx_word' id='word_1_166' title='bbox 815 3095 924 3204; x_wconf 89' lang='lat' dir='ltr'>quod</span> <span class='ocrx_word' id='word_1_167' title='bbox 947 3121 1070 3204; x_wconf 89' lang='lat' dir='ltr'>quum</span> <span class='ocrx_word' id='word_1_168' title='bbox 1094 3121 1116 3180; x_wconf 92' lang='lat' dir='ltr'>a</span> <span class='ocrx_word' id='word_1_169' title='bbox 1140 3115 1253 3205; x_wconf 87' lang='lat' dir='ltr'>parte</span> <span class='ocrx_word' id='word_1_170' title='bbox 1285 3096 1512 3194; x_wconf 87' lang='lat' dir='ltr'>anteriore,</span> <span class='ocrx_word' id='word_1_171' title='bbox 1542 3109 1630 3176; x_wconf 88' lang='lat' dir='ltr'>tum</span> <span class='ocrx_word' id='word_1_172' title='bbox 1651 3113 1771 3197; x_wconf 88' lang='lat' dir='ltr'>prop·</span> <span class='ocrx_word' id='word_1_173' title='bbox 1931 3131 1936 3142; x_wconf 94' lang='lat'>·</span> 
     </span>
    </p>
   </div>
   <div class='ocr_carea' id='block_1_4' title="bbox 168 3228 1771 5045">
    <p class='ocr_par' dir='ltr' id='par_1_4' title="bbox 214 3228 1771 4058">
     <span class='ocr_line' id='line_1_20' title="bbox 218 3228 1771 3346; baseline 0.005 -37"><span class='ocrx_word' id='word_1_174' title='bbox 218 3245 288 3311; x_wconf 83' lang='lat' dir='ltr'>ter</span> <span class='ocrx_word' id='word_1_175' title='bbox 313 3231 386 3340; x_wconf 88' lang='lat' dir='ltr'>ipsi</span> <span class='ocrx_word' id='word_1_176' title='bbox 418 3228 588 3319; x_wconf 90' lang='lat' dir='ltr'>firmiter</span> <span class='ocrx_word' id='word_1_177' title='bbox 618 3255 819 3322; x_wconf 90' lang='lat' dir='ltr'>accretam</span> <span class='ocrx_word' id='word_1_178' title='bbox 850 3242 1078 3346; x_wconf 84' lang='lat' dir='ltr'>laryngem,</span> <span class='ocrx_word' id='word_1_179' title='bbox 1128 3260 1215 3323; x_wconf 88' lang='lat' dir='ltr'>tum</span> <span class='ocrx_word' id='word_1_180' title='bbox 1245 3239 1364 3319; x_wconf 88' lang='lat' dir='ltr'>etiarn</span> <span class='ocrx_word' id='word_1_181' title='bbox 1396 3251 1566 3341; x_wconf 90' lang='lat' dir='ltr'>propter</span> <span class='ocrx_word' id='word_1_182' title='bbox 1604 3237 1771 3318; x_wconf 88' lang='lat' dir='ltr'>arteriae</span> 
     </span>
     <span class='ocr_line' id='line_1_21' title="bbox 222 3371 1768 3483; baseline 0.006 -31"><span class='ocrx_word' id='word_1_183' title='bbox 222 3387 358 3454; x_wconf 85' lang='lat' dir='ltr'>aortae</span> <span class='ocrx_word' id='word_1_184' title='bbox 403 3371 686 3462; x_wconf 87' lang='lat' dir='ltr'>descendentis</span> <span class='ocrx_word' id='word_1_185' title='bbox 718 3377 1043 3466; x_wconf 84' lang='lat' dir='ltr'>indissolubilem</span> <span class='ocrx_word' id='word_1_186' title='bbox 1082 3402 1176 3464; x_wconf 91' lang='lat' dir='ltr'>curn</span> <span class='ocrx_word' id='word_1_187' title='bbox 1210 3381 1365 3465; x_wconf 74' lang='lat' dir='ltr'>sinistra</span> <span class='ocrx_word' id='word_1_188' title='bbox 1401 3373 1622 3482; x_wconf 85' lang='lat' dir='ltr'>oesophagi</span> <span class='ocrx_word' id='word_1_189' title='bbox 1654 3397 1768 3483; x_wconf 82' lang='lat' dir='ltr'>parto</span> 
     </span>
     <span class='ocr_line' id='line_1_22' title="bbox 220 3511 1771 3630; baseline 0.006 -36"><span class='ocrx_word' id='word_1_190' title='bbox 220 3511 402 3615; x_wconf 74' lang='lat' dir='ltr'>mentum,</span> <span class='ocrx_word' id='word_1_191' title='bbox 423 3511 515 3600; x_wconf 89' lang='lat' dir='ltr'>fieri</span> <span class='ocrx_word' id='word_1_192' title='bbox 535 3538 621 3599; x_wconf 90' lang='lat' dir='ltr'>non</span> <span class='ocrx_word' id='word_1_193' title='bbox 640 3517 799 3626; x_wconf 89' lang='lat' dir='ltr'>posset,</span> <span class='ocrx_word' id='word_1_194' title='bbox 820 3539 967 3628; x_wconf 83' lang='lat' dir='ltr'>aparte</span> <span class='ocrx_word' id='word_1_195' title='bbox 982 3527 1210 3630; x_wconf 86' lang='lat' dir='ltr'>posteriore</span> <span class='ocrx_word' id='word_1_196' title='bbox 1230 3523 1311 3605; x_wconf 91' lang='lat' dir='ltr'>hoc</span> <span class='ocrx_word' id='word_1_197' title='bbox 1335 3518 1502 3627; x_wconf 86' lang='lat' dir='ltr'>peregi,</span> <span class='ocrx_word' id='word_1_198' title='bbox 1521 3515 1630 3603; x_wconf 87' lang='lat' dir='ltr'>unde</span> <span class='ocrx_word' id='word_1_199' title='bbox 1649 3519 1771 3604; x_wconf 90' lang='lat' dir='ltr'>etiam</span> 
     </span>
     <span class='ocr_line' id='line_1_23' title="bbox 218 3648 1768 3770; baseline 0.005 -36"><span class='ocrx_word' id='word_1_200' title='bbox 218 3648 328 3734; x_wconf 92' lang='lat' dir='ltr'>illud</span> <span class='ocrx_word' id='word_1_201' title='bbox 355 3654 617 3742; x_wconf 90' lang='lat' dir='ltr'>commodum</span> <span class='ocrx_word' id='word_1_202' title='bbox 655 3667 821 3770; x_wconf 87' lang='lat' dir='ltr'>accepi,</span> <span class='ocrx_word' id='word_1_203' title='bbox 849 3681 897 3746; x_wconf 93' lang='lat' dir='ltr'>ut</span> <span class='ocrx_word' id='word_1_204' title='bbox 920 3661 1129 3770; x_wconf 88' lang='lat' dir='ltr'>specimen</span> <span class='ocrx_word' id='word_1_205' title='bbox 1163 3660 1397 3749; x_wconf 87' lang='lat' dir='ltr'>morbosum</span> <span class='ocrx_word' id='word_1_206' title='bbox 1435 3681 1488 3741; x_wconf 90' lang='lat' dir='ltr'>eo</span> <span class='ocrx_word' id='word_1_207' title='bbox 1516 3655 1633 3743; x_wconf 89' lang='lat' dir='ltr'>fieret</span> <span class='ocrx_word' id='word_1_208' title='bbox 1657 3681 1768 3765; x_wconf 87' lang='lat' dir='ltr'>prae·</span> 
     </span>
     <span class='ocr_line' id='line_1_24' title="bbox 214 3789 1768 3914; baseline 0.006 -39"><span class='ocrx_word' id='word_1_209' title='bbox 214 3789 410 3900; x_wconf 65' lang='lat' dir='ltr'>mutius,</span> <span class='ocrx_word' id='word_1_210' title='bbox 449 3819 533 3902; x_wconf 89' lang='lat' dir='ltr'>quo</span> <span class='ocrx_word' id='word_1_211' title='bbox 564 3803 708 3886; x_wconf 89' lang='lat' dir='ltr'>mellus</span> <span class='ocrx_word' id='word_1_212' title='bbox 739 3825 882 3888; x_wconf 90' lang='lat' dir='ltr'>omnes</span> <span class='ocrx_word' id='word_1_213' title='bbox 910 3823 1071 3914; x_wconf 89' lang='lat' dir='ltr'>partes,</span> <span class='ocrx_word' id='word_1_214' title='bbox 1105 3805 1160 3892; x_wconf 87' lang='lat' dir='ltr'>ad</span> <span class='ocrx_word' id='word_1_215' title='bbox 1197 3828 1293 3913; x_wconf 85' lang='lat' dir='ltr'>quas</span> <span class='ocrx_word' id='word_1_216' title='bbox 1323 3801 1417 3886; x_wconf 91' lang='lat' dir='ltr'>mali</span> <span class='ocrx_word' id='word_1_217' title='bbox 1452 3796 1613 3886; x_wconf 89' lang='lat' dir='ltr'>indoles</span> <span class='ocrx_word' id='word_1_218' title='bbox 1643 3803 1768 3885; x_wconf 90' lang='lat' dir='ltr'>etiam</span> 
     </span>
     <span class='ocr_line' id='line_1_25' title="bbox 217 3931 1217 4058; baseline 0.011 -39"><span class='ocrx_word' id='word_1_219' title='bbox 217 3931 492 4040; x_wconf 82' lang='lat' dir='ltr'>peruenerat,</span> <span class='ocrx_word' id='word_1_220' title='bbox 520 3936 634 4024; x_wconf 89' lang='lat' dir='ltr'>srmul</span> <span class='ocrx_word' id='word_1_221' title='bbox 664 3944 709 4027; x_wconf 90' lang='lat' dir='ltr'>in</span> <span class='ocrx_word' id='word_1_222' title='bbox 741 3967 794 4029; x_wconf 90' lang='lat' dir='ltr'>co</span> <span class='ocrx_word' id='word_1_223' title='bbox 826 3945 1009 4054; x_wconf 88' lang='lat' dir='ltr'>conspici</span> <span class='ocrx_word' id='word_1_224' title='bbox 1038 3945 1217 4058; x_wconf 85' lang='lat' dir='ltr'>possent.</span> 
     </span>
    </p>

    <p class='ocr_par' dir='ltr' id='par_1_5' title="bbox 217 4073 1765 4764">
     <span class='ocr_line' id='line_1_26' title="bbox 277 4073 1764 4197; baseline 0.007 -39"><span class='ocrx_word' id='word_1_225' title='bbox 277 4073 456 4160; x_wconf 90' lang='lat' dir='ltr'>Discisso</span> <span class='ocrx_word' id='word_1_226' title='bbox 488 4081 544 4164; x_wconf 88' lang='lat' dir='ltr'>ita</span> <span class='ocrx_word' id='word_1_227' title='bbox 576 4106 652 4193; x_wconf 91' lang='lat' dir='ltr'>per</span> <span class='ocrx_word' id='word_1_228' title='bbox 685 4087 986 4195; x_wconf 81' lang='lat' dir='ltr'>longitudinem</span> <span class='ocrx_word' id='word_1_229' title='bbox 1023 4109 1114 4175; x_wconf 91' lang='lat' dir='ltr'>toto</span> <span class='ocrx_word' id='word_1_230' title='bbox 1140 4109 1273 4178; x_wconf 90' lang='lat' dir='ltr'>tractu</span> <span class='ocrx_word' id='word_1_231' title='bbox 1305 4091 1532 4197; x_wconf 85' lang='lat' dir='ltr'>posteriore</span> <span class='ocrx_word' id='word_1_232' title='bbox 1568 4083 1764 4192; x_wconf 90' lang='lat' dir='ltr'>oesopha-</span> 
     </span>
     <span class='ocr_line' id='line_1_27' title="bbox 221 4218 1762 4334; baseline 0.005 -35"><span class='ocrx_word' id='word_1_233' title='bbox 221 4218 263 4326; x_wconf 85' lang='lat' dir='ltr'>gi</span> <span class='ocrx_word' id='word_1_234' title='bbox 295 4237 344 4300; x_wconf 90' lang='lat' dir='ltr'>et</span> <span class='ocrx_word' id='word_1_235' title='bbox 383 4224 614 4328; x_wconf 82' lang='lat' dir='ltr'>explicato,</span> <span class='ocrx_word' id='word_1_236' title='bbox 651 4228 811 4312; x_wconf 87' lang='lat' dir='ltr'>lethalis</span> <span class='ocrx_word' id='word_1_237' title='bbox 845 4233 1016 4313; x_wconf 90' lang='lat' dir='ltr'>omnino</span> <span class='ocrx_word' id='word_1_238' title='bbox 1050 4230 1211 4316; x_wconf 88' lang='lat' dir='ltr'>indoles</span> <span class='ocrx_word' id='word_1_239' title='bbox 1245 4231 1377 4313; x_wconf 89' lang='lat' dir='ltr'>morbi</span> <span class='ocrx_word' id='word_1_240' title='bbox 1410 4229 1622 4334; x_wconf 87' lang='lat' dir='ltr'>apparuit,</span> <span class='ocrx_word' id='word_1_241' title='bbox 1659 4246 1762 4328; x_wconf 88' lang='lat' dir='ltr'>quae</span> 
     </span>
     <span class='ocr_line' id='line_1_28' title="bbox 219 4355 1765 4476; baseline 0.007 -37"><span class='ocrx_word' id='word_1_242' title='bbox 219 4355 324 4442; x_wconf 87' lang='lat' dir='ltr'>adeo</span> <span class='ocrx_word' id='word_1_243' title='bbox 349 4379 493 4446; x_wconf 89' lang='lat' dir='ltr'>notatu</span> <span class='ocrx_word' id='word_1_244' title='bbox 524 4361 645 4472; x_wconf 88' lang='lat' dir='ltr'>digna</span> <span class='ocrx_word' id='word_1_245' title='bbox 679 4365 778 4449; x_wconf 89' lang='lat' dir='ltr'>mihi</span> <span class='ocrx_word' id='word_1_246' title='bbox 812 4364 1030 4476; x_wconf 85' lang='lat' dir='ltr'>visasuit,</span> <span class='ocrx_word' id='word_1_247' title='bbox 1059 4391 1218 4456; x_wconf 89' lang='lat' dir='ltr'>utnon</span> <span class='ocrx_word' id='word_1_248' title='bbox 1251 4385 1408 4452; x_wconf 91' lang='lat' dir='ltr'>tantum</span> <span class='ocrx_word' id='word_1_249' title='bbox 1441 4367 1541 4450; x_wconf 87' lang='lat' dir='ltr'>mibi</span> <span class='ocrx_word' id='word_1_250' title='bbox 1573 4363 1662 4470; x_wconf 88' lang='lat' dir='ltr'>ejus</span> <span class='ocrx_word' id='word_1_251' title='bbox 1694 4363 1765 4450; x_wconf 87' lang='lat' dir='ltr'>de·</span> 
     </span>
     <span class='ocr_line' id='line_1_29' title="bbox 219 4499 1765 4616; baseline 0.014 -35"><span class='ocrx_word' id='word_1_252' title='bbox 219 4499 482 4609; x_wconf 87' lang='lat' dir='ltr'>scriptionem</span> <span class='ocrx_word' id='word_1_253' title='bbox 506 4504 690 4614; x_wconf 87' lang='lat' dir='ltr'>servare,</span> <span class='ocrx_word' id='word_1_254' title='bbox 718 4505 959 4616; x_wconf 89' lang='lat' dir='ltr'>sedetiam,</span> <span class='ocrx_word' id='word_1_255' title='bbox 985 4510 1095 4598; x_wconf 82' lang='lat' dir='ltr'>facta</span> <span class='ocrx_word' id='word_1_256' title='bbox 1120 4512 1213 4598; x_wconf 88' lang='lat' dir='ltr'>satis</span> <span class='ocrx_word' id='word_1_257' title='bbox 1239 4525 1424 4594; x_wconf 86' lang='lat' dir='ltr'>accurata</span> <span class='ocrx_word' id='word_1_258' title='bbox 1460 4506 1648 4612; x_wconf 84' lang='lat' dir='ltr'>pictura,</span> <span class='ocrx_word' id='word_1_259' title='bbox 1676 4527 1765 4601; x_wconf 70' lang='lat' dir='ltr'>em</span> 
     </span>
     <span class='ocr_line' id='line_1_30' title="bbox 217 4643 1706 4764; baseline 0.005 -38"><span class='ocrx_word' id='word_1_260' title='bbox 217 4655 387 4744; x_wconf 76' lang='lat' dir='ltr'>quoquc</span> <span class='ocrx_word' id='word_1_261' title='bbox 420 4643 660 4731; x_wconf 87' lang='lat' dir='ltr'>Medicinae</span> <span class='ocrx_word' id='word_1_262' title='bbox 691 4651 915 4738; x_wconf 71' lang='lat' dir='ltr'>umoribus</span> <span class='ocrx_word' id='word_1_263' title='bbox 945 4651 1277 4764; x_wconf 86' lang='lat' dir='ltr'>conspiciendam</span> <span class='ocrx_word' id='word_1_264' title='bbox 1303 4647 1473 4735; x_wconf 86' lang='lat' dir='ltr'>reddere</span> <span class='ocrx_word' id='word_1_265' title='bbox 1495 4651 1706 4736; x_wconf 87' lang='lat' dir='ltr'>voluerim.</span> 
     </span>
    </p>

    <p class='ocr_par' dir='ltr' id='par_1_6' title="bbox 168 4767 1765 5045">
     <span class='ocr_line' id='line_1_31' title="bbox 168 4767 1765 4908; baseline 0.004 -35"><span class='ocrx_word' id='word_1_266' title='bbox 168 4785 173 4798; x_wconf 86' lang='grc'><em>“</em></span> <span class='ocrx_word' id='word_1_267' title='bbox 224 4775 239 4796; x_wconf 85' lang='grc'>“’</span> <span class='ocrx_word' id='word_1_268' title='bbox 278 4767 467 4892; x_wconf 71' lang='lat' dir='ltr'>Pharyna</span> <span class='ocrx_word' id='word_1_269' title='bbox 481 4793 628 4908; x_wconf 55' lang='lat' dir='ltr'>*nupia</span> <span class='ocrx_word' id='word_1_270' title='bbox 647 4787 739 4878; x_wconf 83' lang='lat' dir='ltr'>satis</span> <span class='ocrx_word' id='word_1_271' title='bbox 766 4813 874 4902; x_wconf 84' lang='lat' dir='ltr'>erat,</span> <span class='ocrx_word' id='word_1_272' title='bbox 908 4785 1013 4886; x_wconf 83' lang='lat' dir='ltr'>sanis</span> <span class='ocrx_word' id='word_1_273' title='bbox 1042 4800 1192 4888; x_wconf 75' lang='lat' dir='ltr'>malos</span> <span class='ocrx_word' id='word_1_274' title='bbox 1225 4789 1433 4894; x_wconf 53' lang='lat' dir='ltr'>cauliana</span> <span class='ocrx_word' id='word_1_275' title='bbox 1462 4787 1570 4876; x_wconf 83' lang='lat' dir='ltr'>inira</span> <span class='ocrx_word' id='word_1_276' title='bbox 1592 4791 1765 4900; x_wconf 65' lang='lat' dir='ltr'>plume</span> 
     </span>
     <span class='ocr_line' id='line_1_32' title="bbox 1455 4958 1575 5045; baseline -0.008 0"><span class='ocrx_word' id='word_1_277' title='bbox 1455 4961 1509 5045; x_wconf 71' lang='lat'>9²</span> <span class='ocrx_word' id='word_1_278' title='bbox 1551 4958 1575 5020; x_wconf 72' lang='lat'><strong>²</strong></span> 
     </span>
    </p>
   </div>
   <div class='ocr_carea' id='block_1_5' title="bbox 254 5193 268 5253">
    <p class='ocr_par' dir='ltr' id='par_1_7' title="bbox 254 5193 268 5253">
     <span class='ocr_line' id='line_1_33' title="bbox 254 5193 268 5253; baseline 0 0"><span class='ocrx_word' id='word_1_279' title='bbox 254 5193 268 5253; x_wconf 81' lang='lat' dir='ltr'>l</span> 
     </span>
    </p>
   </div>
   <div class='ocr_carea' id='block_1_6' title="bbox 0 0 2372 6344">
    <p class='ocr_par' dir='ltr' id='par_1_8' title="bbox 0 0 2372 6344">
     <span class='ocr_line' id='line_1_34' title="bbox 0 0 2372 6344; baseline 0 2"><span class='ocrx_word' id='word_1_280' title='bbox 0 0 2372 6344; x_wconf 95' lang='lat' dir='ltr'> </span> 
     </span>
    </p>
   </div>
  </div>
 </body>
</html>
