4774 6330
448 482 471 492 ··
623 444 1503 542 F·ascrcu'1.usPa1-u·us.
1794 491 1845 574 ις

414 1131 880 1226 rruanrrnurrro
922 1127 1338 1224 rrnr'rouarvao
1379 1135 1720 1231 Punrrroraru

880 1313 1255 1433 annonara.

735 1685 1414 1826 aaaunnrm

343 2151 607 2308 Exhibetur
642 2213 709 2298 hic
737 2219 870 2322 portia
901 2229 1048 2320 magna
1071 2213 1275 2320 pulmonis
1308 2208 1441 2306 dextri
1472 2223 1648 2314 hominis
1681 2231 1826 2338 adusti,

285 2357 398 2462 cujus
417 2357 589 2442 cadaver
606 2361 743 2462 accepi
770 2361 867 2442 licet
890 2356 1039 2462 aliquid
1065 2356 1114 2439 de
1129 2360 1292 2444 historia
1318 2369 1446 2450 morbi
1469 2369 1519 2451 ad
1544 2382 1826 2482 meamcogni·

284 2500 436 2582 aionem
466 2519 556 2582 noa¹
580 2501 822 2604 pervenerit.
863 2497 1036 2583 Videtur
1062 2519 1194 2584 autern
1228 2502 1581 2594 vehementissima
1615 2518 1826 2621 peripneu-

285 2645 420 2722 monia
443 2657 623 2724 mortuus
643 2637 729 2722 esse
744 2642 890 2737 homo;
919 2651 1030 2722 totus
1050 2643 1166 2723 enim.
1181 2647 1320 2746 pulmo
1338 2644 1439 2728 adeo
1458 2651 1616 2756 largiter
1633 2678 1709 2760 per
1725 2656 1824 2738 effu-

283 2779 363 2864 sam
392 2779 572 2864 fibrosam
604 2781 804 2886 sanguinis
825 2799 981 2886 partem
1010 2781 1209 2865 obtectum
1232 2803 1338 2886 erac,
1367 2805 1413 2866 ut
1439 2807 1532 2872 eum
1561 2797 1702 2897 pleura
1730 2818 1825 2880 eum

278 2926 439 3027 penitus
483 2942 726 3006 concretum
760 2942 966 3028 putarem,
1014 2939 1058 3003 et
1091 2946 1176 3004 non
1204 2924 1278 3008 nisi
1313 2923 1490 3012 adhibita
1519 2931 1667 3016 summa
1704 2961 1822 3040 cura,

277 3089 329 3148 ae
362 3065 445 3173 ipsa
476 3064 686 3151 substantia
719 3068 921 3172 pulmonis
952 3062 1257 3172 dilaceraretur,
1297 3094 1319 3150 a
1349 3069 1390 3151 se
1428 3075 1608 3155 invicem
1636 3078 1706 3158 has
1733 3103 1821 3180 par·

277 3225 338 3288 tes
378 3205 546 3312 separari
575 3205 694 3313 posse
733 3205 949 3288 crederem.
1010 3207 1201 3312 Sepacavi
1235 3234 1338 3296 vero
1374 3209 1495 3295 facile
1535 3237 1629 3317 eas;
1666 3226 1825 3305 etenim.

274 3351 411 3453 pleuto
438 3371 514 3455 pro
547 3351 716 3432 maxima
743 3365 854 3455 parte
884 3347 1010 3432 libera
1046 3367 1157 3452 erat,
1203 3367 1247 3434 et
1287 3349 1415 3438 solum
1451 3377 1526 3460 per
1551 3379 1694 3460 paucas
1723 3362 1826 3444 laci·-

267 3494 360 3574 -nias
401 3493 525 3597 partis
569 3487 763 3595 fibrosae,
799 3511 851 3574 ex
886 3507 1053 3574 externa
1080 3495 1284 3598 pulmonis
1320 3491 1560 3580 membrana·
1580 3498 1825 3604 productas,

275 3629 343 3716 iiic
372 3653 416 3716 et
453 3635 536 3719 illic
563 3637 712 3718 leviter
744 3656 838 3718 cum
862 3634 1068 3740 pulmone
1086 3633 1340 3716 cohaerebat.
1402 3637 1559 3720 Partem
1595 3640 1697 3724 hanc
1728 3645 1817 3747 pul·

274 3781 405 3860 monis
428 3779 470 3859 in
496 3769 894 3882 liquorespirituoso
926 3773 1107 3879 semovi,
1138 3779 1328 3880 quoniam
1350 3794 1457 3860 tanta
1478 3783 1623 3885 copia,
1652 3781 1706 3865 fic
1731 3781 1816 3865 dic·

271 3939 397 4001 tanam
423 3916 577 4024 pseudo
593 3919 973 4022 membranarum,
992 3934 1077 4003 tota
1099 3935 1207 4001 tecta
1242 3935 1352 4020 erat,
1381 3936 1427 4000 ut
1451 3941 1653 4024 nunquam
1685 3920 1812 4006 simile

272 4059 369 4164 quid
393 4063 435 4140 in
466 4061 570 4144 ullo·
582 4059 779 4144 cadavere
807 4057 1003 4165 viderim,
1034 4079 1075 4144 et
1104 4063 1159 4147 src
1194 4064 1355 4166 egregie
1374 4058 1512 4166 posset
1538 4060 1731 4148 inservire
1760 4064 1809 4148 ad

269 4199 497 4286 morbosum
526 4203 635 4286 hunc
669 4199 812 4287 statum
848 4201 1149 4305 illustrandum
1179 4221 1395 4310 praeterear
1411 4202 1496 4284 hoe
1528 4201 1628 4285 mihi
1668 4219 1817 4286 notatu.

270 4339 435 4446 dignum
467 4341 599 4428 visum
623 4340 728 4448 fuit,
757 4345 952 4430 internam
976 4342 1095 4447 hujus
1118 4346 1322 4449 pulmonis
1348 4337 1598 4424 substantiam
1623 4339 1808 4446 perfecte

268 4485 429 4568 liberam
456 4485 639 4572 mmsisse
657 4513 681 4570 a
696 4485 860 4587 morbo,
878 4505 1013 4590 neque
1033 4487 1154 4574 ullam
1169 4505 1221 4567 ne
1245 4484 1450 4568 minimam
1468 4478 1636 4586 quidem
1656 4481 1814 4568 infinu-

267 4627 454 4742 mationis
467 4645 606 4714 notam
624 4623 840 4716 monstrare
849 4631 934 4732 „uti
954 4625 1157 4737 inspectio
1175 4623 1413 4736 speciminis
1426 4640 1475 4712 et
1493 4625 1655 4730 iconia,
1668 4621 1815 4714 secum
