4794 6348
418 442 426 452 '
531 431 1484 540 F'ascrcv'b'o's'Tan'a'tub
1601 515 1608 526 .
1725 461 1798 549 θι-

245 677 406 782 apemi,
447 693 572 778 quum
600 672 700 754 haec
731 671 863 754 minus
893 668 987 753 dura
1015 671 1118 756 mihi
1144 673 1383 782 videretur,
1423 694 1545 782 atque
1570 685 1616 766 in
1640 700 1691 764 ea
1724 685 1785 767 in-

246 816 343 900 veni
376 836 538 921 parvam
572 814 814 916 cavitatem,
842 831 975 894 crusta
1002 812 1223 919 calculoso,
1248 819 1446 922 inaequali
1474 815 1709 921 admodum,
1743 825 1785 901 in
1833 835 1836 844 ’

244 951 380 1039 medio
412 955 724 1060 protuberantes,
750 951 973 1057 obsessam,
1003 977 1122 1057 quam
1148 957 1305 1060 pelvim
1333 960 1446 1041 renis
1472 959 1623 1064 habui,
1658 965 1779 1044 ta'tio·

247 1121 298 1180 ne
327 1097 590 1196 munitionis,
628 1118 746 1199 quam
774 1115 848 1176 ren
871 1092 1047 1178 subierat
1076 1099 1300 1203 capacitate
1327 1099 1537 1183 minutam.

302 1235 389 1320 Vix
419 1235 608 1342 explicati
643 1251 802 1342 potest,
850 1231 881 1314 st
914 1236 1136 1318 intueamur
1170 1237 1252 1318 hoc
1285 1237 1516 1322 morbosum
1548 1237 1785 1347 specimen,

245 1385 284 1462 in
317 1401 402 1484 quo
430 1396 510 1461 tam
534 1381 676 1484 ingens
708 1378 907 1484 partium,
939 1373 1211 1484 oesophagum
1250 1375 1604 1486 constituentium,
1633 1405 1655 1463 a
1684 1379 1787 1464 statu

247 1519 343 1604 sano
369 1515 547 1602 recessus
581 1515 840 1623 observatur,
870 1519 939 1623 qui
972 1540 1056 1598 non
1083 1542 1168 1601 uno
1201 1537 1414 1603 momento
1439 1520 1689 1628 productus,
1719 1521 1787 1604 sed

248 1661 391 1746 senfim
422 1658 619 1746 formatus
654 1677 742 1764 est,
778 1682 863 1765 quo
888 1657 1014 1742 modo
1052 1676 1149 1768 post
1172 1657 1416 1766 praesentiae
1450 1662 1538 1769 ejus
1571 1662 1786 1772 degenera-
1899 1685 1906 1694 ·

248 1807 373 1890 tionis
403 1799 618 1888 manifesta
642 1801 750 1908 sagna
782 1818 828 1884 et
858 1798 1153 1909 symptomata,
1193 1799 1244 1882 ad
1281 1821 1365 1886 tam
1397 1789 1565 1912 insigne
1590 1810 1786 1911 temporis

248 1950 527 2052 intervallum,
557 1946 661 2027 inter
687 1941 805 2028 usum
838 1940 951 2027 succi
974 1941 1172 2051 inspissati
1199 1943 1366 2028 Cicutae
1394 1961 1439 2025 et
1452 1921 1639 2028 'diaetam
1668 1945 1787 2051 liqui·

249 2088 365 2194 dam,
394 2091 581 2171 levamen
611 2084 712 2170 illud
744 2084 925 2170 notabile
961 2088 1099 2169 locum
1134 2085 1283 2171 habere
1314 2088 1495 2192 potuerit
1506 2147 1521 2190 ,
1573 2085 1684 2202 quod
1715 2090 1790 2172 im-

250 2230 439 2339 prudenti
472 2231 580 2314 vitae
613 2231 778 2314 rationis
811 2233 1039 2314 mutatione
1074 2231 1118 2310 in
1150 2228 1342 2312 lethalem
1373 2245 1470 2310 mox
1504 2225 1788 2313 conditionem

249 2371 361 2456 abiit.
419 2369 571 2456 Pluries
591 2385 728 2456 autem
756 2371 883 2454 limile
912 2370 1014 2476 quid
1039 2376 1084 2457 in
1110 2375 1200 2458 aliis
1230 2367 1555 2478 aegrotantibus,
1585 2373 1697 2452 malis
1725 2388 1788 2450 to-

250 2516 355 2623 picis
381 2511 678 2615 laborantibus,
707 2530 898 2618 expettus
919 2501 980 2594 sui
1009 2507 1091 2615 (ὓς
1121 2532 1324 2617 nunquam
1349 2530 1450 2592 vero
1475 2526 1555 2591 tam
1577 2515 1787 2616 ingentem

253 2647 488 2737 substantiae
519 2656 691 2762 partium
711 2649 1035 2740 'desbatctionem
1061 2658 1107 2740 in
1134 2654 1202 2738 tali
1233 2651 1379 2736 morbo
1417 2648 1638 2736 observavi.

290 2945 350 3032 (r)
370 2943 476 3018 conf.
501 2942 746 3017 Observationes
767 2969 878 3034 mene,
893 2949 933 3018 de
954 2952 1104 3040 impedito
1123 2952 1292 3037 progressu
1312 2952 1532 3022 alimentorum
1556 2971 1595 3022 ex
1614 2951 1798 3022 ventriotlo

251 3064 284 3130 iu
304 3063 508 3150 duodenum,
529 3081 603 3152 pag.
630 3082 704 3152 119.
728 3081 758 3133 ct
782 3087 855 3136 no·

894 3771 1155 3844 “issimi
