4774 6330
547 479 1447 574 FasctcvovsPnrrtus.
1735 517 1830 608 29..

247 728 335 820 que
372 706 593 816 respirandi
620 705 829 793 difficultas
870 707 994 790 etiam
1024 705 1136 790 hisce
1174 705 1364 792 remediis
1398 707 1673 813 minuebatur,
1703 717 1803 817 quin

244 821 396 957 potius
427 845 610 954 quotidie
642 848 739 930 haec
773 844 1039 954 symptomata
1074 846 1244 955 majores
1279 847 1465 932 creabant
1489 854 1720 955 molestias,
1762 871 1803 936 et

244 993 483 1098 appetitus,
523 991 593 1093 qui
629 1006 742 1070 antea
779 984 909 1070 adhuc
933 988 1065 1071 bonus
1094 1005 1206 1092 erat,
1249 990 1367 1072 etiam
1403 988 1561 1096 prorsus
1585 991 1799 1096 cessabat,

244 1147 292 1212 et
332 1128 500 1212 tandem
528 1133 655 1212 macie
686 1125 923 1232 consumta,
951 1146 1165 1233 postquam
1192 1150 1267 1234 per
1296 1134 1476 1234 quinque
1501 1153 1692 1216 annorum
1714 1131 1799 1240 spa-

241 1274 352 1354 tium
374 1253 417 1353 et
436 1271 537 1352 ultra
565 1267 831 1369 laboraverat,
865 1263 1002 1348 mense
1023 1266 1203 1351 octobris
1229 1273 1322 1350 anni
1349 1293 1546 1354 noccsnr
1573 1293 1708 1355 meum
1732 1296 1798 1354 au·

241 1409 396 1492 xillum
421 1409 590 1516 rogavit.
621 1407 756 1491 Tussis
786 1405 867 1510 jam
890 1423 973 1488 erat
991 1425 1208 1512 perpetua,
1240 1432 1323 1491 non
1348 1407 1566 1496 admodum
1591 1416 1793 1517 violenta,

242 1549 321 1632 sed
348 1549 591 1634 brevissimis
627 1549 846 1632 intervallis
875 1543 963 1629 fere
989 1552 1203 1653 continua,
1233 1551 1342 1631 nulla
1364 1547 1552 1635 reddebat
1575 1550 1711 1656 sputa,
1743 1574 1795 1635 ne

240 1715 417 1776 mucum
438 1689 628 1795 quidem;
664 1689 874 1794 respiratio
915 1704 999 1770 erat
1032 1687 1290 1792 brevissima,
1315 1688 1523 1796 anhelosa,
1554 1688 1678 1776 facies
1704 1696 1795 1779 livi·

242 1832 347 1916 dum
387 1832 558 1914 habebat
583 1833 790 1935 colorem,
820 1828 945 1937 pedes
981 1825 1192 1910 oedemate
1218 1825 1361 1910 tumidi
1384 1849 1519 1934 erant,
1548 1829 1685 1937 pulsus
1712 1853 1794 1916 erat

241 1974 499 2078 irregularis,
535 1970 828 2072 debilissimus,
865 1968 1088 2078 saepissime
1128 1973 1427 2073 intermittens,
1457 1970 1630 2076 digestio
1662 1978 1798 2080 iniqua

244 2132 421 2220 propter
444 2131 680 2220 perpetuam
699 2116 803 2196 circa
827 2110 1056 2220 praecordia
1069 2115 1333 2215 anxietatem,
1353 2114 1466 2196 alvus
1479 2110 1570 2198 satis
1583 2117 1792 2217 naturalis,

244 2255 475 2360 parcissrma
499 2276 598 2338 vero
627 2259 765 2338 urinae
794 2256 989 2338 excretio.

304 2396 472 2480 Indoles
488 2399 580 2480 mali
603 2385 697 2502 post
722 2414 803 2479 tam
825 2399 993 2501 longum
1007 2397 1208 2503 temporis
1230 2392 1425 2503 spatium,
1449 2398 1635 2483 remediis
1658 2423 1793 2505 pamm

244 2538 503 2640 valentibus,
543 2543 586 2620 in
614 2541 799 2642 organis,
842 2539 955 2620 vitali
991 2535 1198 2623 functioni
1232 2537 1399 2640 dicatis,
1437 2537 1574 2624 sedem
1610 2541 1791 2623 habentis

245 2700 368 2784 atquc
406 2683 449 2761 in
482 2677 589 2763 diem
613 2684 657 2761 in
680 2681 797 2786 pejus
824 2684 998 2782 ruentis,
1026 2683 1110 2760 non
1136 2677 1350 2761 admodum
1375 2681 1477 2760 clara
1497 2681 1665 2782 cognitu
1690 2682 1790 2761 mihi

245 2818 414 2923 quidem
439 2819 673 2922 videbatur,
701 2817 837 2926 putavi
864 2839 1019 2922 tamen,
1059 2817 1411 2923 degenerationem
1440 2817 1669 2902 morbosam
1702 2820 1792 2904 sub·

246 2957 414 3042 stantiae
435 2964 639 3066 pulmonis
665 2979 759 3066 post
784 2963 1137 3047 inflammationem
1162 2960 1416 3062 chronicam,
1431 2963 1540 3043 nulla
1566 2979 1649 3042 arte
1673 2959 1788 3066 supe-

248 3098 436 3203 randam,
471 3103 538 3186 bic
565 3105 702 3185 locum
725 3104 899 3205 habere,
929 3119 1068 3207 rogatu
1098 3103 1217 3208 igitur
1242 3105 1373 3186 mariti
1401 3119 1443 3184 et
1466 3109 1706 3208 aegrotantis
1728 3109 1788 3209 pi-

245 3243 346 3325 lulas
367 3242 597 3351 praescripsi
617 3267 667 3326 ex
682 3245 848 3328 Gummi
869 3247 1162 3356 Ammoniaco,
1176 3241 1282 3324 succ.
1307 3241 1410 3348 insp.
1426 3246 1607 3347 cicutae,
1639 3246 1800 3348 liquiri-·

245 3385 354 3484 tiae,
384 3402 482 3468 extr.
518 3383 790 3488 dulcamarae,
824 3389 992 3491 pulvere
1016 3383 1180 3490 squillae
1209 3404 1253 3468 et
1277 3387 1436 3467 tantillo
1467 3386 1607 3486 aloes,
1638 3387 1785 3488 quibus

246 3528 388 3631 primis
432 3525 572 3610 diebus
607 3551 700 3611 cum
734 3530 937 3612 levamine
977 3525 1019 3609 se
1055 3529 1115 3609 uti
1151 3527 1255 3605 laeta
1296 3522 1581 3628 profitebatur,
1638 3529 1788 3606 urinam

248 3685 292 3748 et
331 3664 472 3748 foeces
504 3672 683 3749 excrevit
708 3666 848 3772 majori
883 3672 1020 3775 copia,
1061 3691 1138 3772 qua
1173 3663 1387 3772 respirandi
1418 3664 1689 3748 difficultatem
1716 3671 1787 3748 nri·

246 3811 317 3891 nui
351 3807 537 3892 credidit.
588 3805 694 3890 Non
725 3807 795 3892 diu
820 3831 921 3894 vero
950 3805 1126 3915 perstitit
1164 3808 1244 3889 hoc
1284 3802 1496 3914 gaudium,
1537 3808 1645 3888 vires
1678 3812 1787 3888 eninr

245 3948 327 4054 jam
354 3933 506 4030 fractae
532 3945 675 4033 sensrm
708 3953 832 4056 magis
863 3953 1226 4055 imminuebantur,
1264 3954 1319 4060 ita
1346 3966 1391 4031 ut
1417 3946 1483 4030 die
1513 3967 1651 4052 quarto
1677 3973 1790 4031 men·

245 4089 294 4172 fis
331 4090 558 4173 novembris
591 4090 746 4197 placida
777 4115 883 4174 mors
916 4090 1039 4175 finem
1067 4089 1221 4175 faceret
1247 4094 1382 4193 vitae,
1409 4087 1561 4172 tamdiu
1581 4086 1651 4170 sub
1682 4088 1787 4190 sym-

245 4230 491 4335 ptomatibus
519 4219 811 4316 molestislimis
838 4250 1073 4338 protractae.
1155 4263 1158 4270 ·

294 4369 344 4452 ln
358 4387 497 4475 aperto
514 4394 613 4456 cavo
639 4367 837 4472 thoracis,
860 4371 994 4456 cordis
1017 4390 1058 4453 et
1079 4373 1282 4476 pulmonis
1307 4369 1476 4472 finistri,
1504 4367 1599 4452 satus
1633 4386 1785 4450 natura*

245 4513 298 4594 lis
326 4528 435 4615 erat,
464 4532 598 4615 neque
621 4529 883 4596 concreverat
908 4514 976 4597 hic
1008 4514 1149 4620 pulmo
1175 4533 1267 4592 cum
1295 4513 1459 4616 pleura,
1490 4531 1565 4590 nec
1590 4507 1716 4616 senam
1742 4513 1783 4593 in

247 4656 465 4738 cavitatem
495 4654 598 4738 banc
625 4651 819 4755 effusum3
849 4656 893 4738 in
915 4671 1079 4758 externa
1100 4673 1203 4738 vero
1226 4653 1431 4757 pulmonis
1457 4645 1668 4756 superficie
1696 4673 1783 4757 par·
1848 4679 1852 4688 ’
