4774 6330
428 430 455 468 ·.
524 397 1529 512 Faae=reounrbecuttnoa
1670 451 1683 464 ·
1763 432 1830 516 ³5.

269 650 314 742 et
341 653 506 744 difficiii.
550 655 746 768 anmvia
774 651 854 761 jam
881 650 985 736 esset
1009 654 1145 740 multo
1171 650 1381 756 debilior,
1398 655 1656 742 vehementia
1677 653 1818 768 symp-

271 818 467 885 tomatum
503 795 683 881 indicare
711 792 1064 878 venaesectionem
1092 795 1194 879 mihi
1228 794 1500 900 videbantur,
1543 818 1620 901 qua
1658 795 1816 884 instiut-

229 1037 233 1046 ,
265 960 329 1030 ta,
359 941 637 1023 levamentum
657 933 882 1045 jucundum
905 937 1210 1041 metiebature
1234 934 1494 1043 bngrrirerat
1513 957 1647 1024 eructa
1666 942 1830 1030 brian

262 1085 432 1164 matoria
464 1097 620 1182 tectus,
663 1101 784 1163 cruor
820 1077 914 1162 satis
943 1074 1125 1162 matari
1155 1096 1199 1159 et
1232 1082 1443 1184 proportio
1472 1077 1552 1164 feri
1581 1081 1713 1184 bonu
1740 1107 1827 1189 per-

265 1220 404 1305 tusiam
423 1217 535 1328 sputa
558 1219 747 1328 fanguine
786 1222 913 1304 tincta
948 1223 1297 1324 eaeemebantur3
1325 1223 1567 1306 conabamur
1594 1227 1816 1310 ubendo-

265 1384 358 1446 nem
378 1359 503 1446 tibiae
522 1382 700 1470 apertam
722 1362 898 1464 servam
927 1365 1115 1447 utebatur
1145 1361 1336 1448 remediis
1362 1361 1704 1450 demucmttbua
1718 1390 1812 1454 con

262 1507 413 1587 leniter
429 1503 728 1608 eccoproticis,
759 1521 804 1586 et
819 1507 876 1587 ita
900 1505 1086 1588 manebat
1109 1511 1155 1589 in
1179 1503 1326 1587 eodem
1351 1501 1457 1588 statu
1475 1523 1608 1610 toque
1628 1505 1680 1590 ed
1701 1505 1826 1594 dicar

257 1649 448 1752 quintum
475 1645 614 1757 Junii,
645 1667 727 1750 quo
759 1668 842 1728 arno
880 1652 1073 1753 temporie
1105 1663 1322 1729 momento.
1356 1646 1472 1733 toasrs
1509 1643 1715 1750 censebat,
1740 1646 1828 1768 seii·¹
1898 1711 1900 1716 ,

261 1785 465 1870 oriebatur
487 1788 669 1872 vomitur
696 1809 785 1870 nora
807 1788 1158 1893 compescendrr3
1176 1787 1372 1874 reddebat
1393 1793 1503 1874 enim
1523 1793 1677 1892 omum,
1705 1814 1818 1896 quae

259 1931 443 2031 ingerere
489 1929 732 2030 conabatur,
775 1926 858 2036 ipsa
898 1928 1190 2012 medicamenta
1232 1931 1391 2034 opima,
1451 1933 1494 2014 in
1538 1930 1619 2012 hoc
1663 1936 1811 2016 moles·-

260 2068 413 2150 tissrmo
437 2063 562 2172 staur,
586 2065 784 2150 incassum
814 2066 1008 2156 adhibitis
1026 2076 1134 2157 intus
1168 2092 1209 2156 et
1232 2091 1355 2156 exure
1378 2065 1565 2156 indicatis
1589 2072 1805 2180 remediis,

259 2205 464 2313 usquead
480 2233 575 2294 reu
591 2208 843 2320 Juniidiem,
874 2211 1231 2318 quadimnmam
1248 2216 1556 2304 emoeiatmneo
1570 2211 1808 2320 perductum

199 2329 203 2336 ’
256 2368 343 2432 erat
365 2373 535 2456 corpus,
567 2353 823 2435 moriebatur.

310 2493 465 2598 Aperto
501 2491 702 2577 cadaveris
734 2491 979 2595 abdomine,
1031 2497 1168 2575 omnia
1206 2497 1248 2576 in
1281 2496 1354 2576 hac
1399 2495 1569 2598 cavitate
1614 2512 1806 2577 contenta

255 2638 414 2717 uiscera
445 2633 534 2714 sana
577 2634 707 2738 primo
746 2636 895 2716 intuitu
928 2631 1190 2736 videbantur3
1249 2631 1318 2716 sed
1353 2658 1541 2739 pancreas
1578 2659 1652 2740 pro
1693 2655 1803 2742 parte

250 2775 549 2880 cartilagineam
576 2773 871 2858 indurationem
900 2773 1095 2879 subierat,
1127 2777 1267 2856 arteria
1304 2776 1555 2881 pancreatica
1582 2793 1666 2856 erat
1690 2797 1801 2881 prae-

256 2932 317 2995 ter
351 2930 526 2995 naturam
566 2911 751 3018 dilatata,
782 2918 903 2998 itaut
927 2919 1065 3000 caiami
1098 2912 1306 3022 scriptoris
1336 2914 1644 3019 amplitudinem
1675 2919 1800 3002 habe-

248 3052 417 3140 ret.(1)

309 3201 466 3304 Aperta
514 3200 688 3282 thoracis
715 3221 846 3300 cavo,
874 3171 1021 3284 dexter
1052 3187 1206 3306 puimo'
1234 3213 1276 3280 et
1309 3218 1382 3279 cor
1415 3196 1506 3282 satia
1543 3196 1633 3284 sana
1667 3222 1799 3304 erant3

252 3345 300 3423 in
334 3346 510 3425 cavitate
557 3361 658 3424 vcro
699 3340 852 3423 sinistra
892 3343 1083 3426 notabilis
1127 3337 1259 3421 aderat
1302 3335 1564 3444 degeneratio
1611 3341 1797 3448 pleurae,

253 3505 356 3587 quae
385 3481 603 3565 crasiitiem
636 3477 752 3587 digiti
780 3485 947 3564 minoris
973 3506 1045 3588 per
1080 3499 1211 3564 totum
1246 3495 1415 3563 tractum
1448 3502 1648 3565 costarum
1678 3485 1795 3589 huius

191 3704 195 3716 .
247 3630 436 3712 cavitatis
473 3623 672 3725 habebat,
701 3621 1149 3730 pseudo-membranae
1187 3620 1500 3728 magnae-ipsius
1524 3626 1705 3705 internae
1732 3623 1792 3704 su-

250 3763 436 3874 perficiei
471 3764 775 3871 appendebant,
805 3764 992 3848 effluente
1026 3762 1255 3846 incredibili
1281 3767 1400 3868 copia
1429 3761 1548 3846 serosr
1580 3764 1791 3850 rubicundi

253 3911 460 4008 humoris,
488 3910 628 4012 pulmo
662 3883 719 3990 in'
738 3909 814 3989 hac
854 3910 1024 3990 cavitate
1061 3903 1237 3988 deficere
1270 3902 1506 4004 videbatur,
1522 3895 1647 4011 'quod
1673 3907 1788 3990 mira-

249 4051 318 4132 bar
352 4054 485 4155 primo
511 4051 682 4152 intuitu,
711 4045 778 4129 sed
804 4037 1052 4132 accuratiore
1081 4051 1265 4130 examine
1294 4063 1335 4126 ct
1357 4043 1502 4128 sublata
1526 4051 1637 4130 omni
1663 4071 1784 4150 aqua,

250 4192 320 4278 bic
358 4193 496 4297 pulmo
532 4194 576 4272 in
602 4189 820 4274 admodum
853 4214 1012 4296 parvam
1048 4195 1198 4272 molem
1235 4206 1318 4268 erat
1347 4204 1547 4287 mutatus,
1602 4183 1785 4288 adjacens
1840 4287 1843 4294 Ι

248 4349 438 4434 tanquam
464 4338 611 4440 corpus
634 4335 881 4441 oblongum,
903 4353 987 4411 non
1014 4331 1118 4412 ultra
1140 4348 1220 4409 tres
1253 4323 1401 4432 digitos
1425 4331 1576 4424 iatum,
1603 4330 1782 4427 corpori-

243 4473 324 4568 bus
351 4473 619 4558 vertebrarum
647 4473 777 4581 dorsr,
808 4469 995 4582 quorsum
1021 4487 1131 4553 terte
1161 4462 1291 4548 effuso
1323 4487 1393 4566 ex,
1427 4463 1784 4548 inflammationem

292 4732 352 4816 (t)
376 4733 478 4800 Conf.
500 4733 655 4820 specimen
675 4741 709 4805 in
731 4738 939 4830 descriptione
960 4737 1065 4819 Musei
1085 4733 1188 4802 nostri
1210 4732 1273 4798 N'.
1301 4747 1397 4814 1⁰54.

1469 4871 1516 4956 52
1551 4869 1583 4934 2'
