4774 6330
613 396 662 482 ,a
691 409 923 516 ‘aamzuc
952 411 1040 481 ul
1068 413 1145 476 us
1205 389 1529 486 Parmos..
1810 425 1857 500 aa

304 626 522 707 aetiamsin
551 615 811 708 Noiocornio
838 613 1017 702 ¹‘Urioano
1050 615 1364 721 expertissimus.
1421 617 1604 730 Historia
1638 637 1719 706 erat
1741 620 1862 709 'haee
1951 673 1952 676 κ

303 764 570 852 :Adolescens
597 759 693 844 iere
711 758 942 844 -duodecim
969 765 1191 860 annonam,
1221 759 1423 856 arthritica
1456 775 1746 868 maneamus,
1775 761 1862 851 sub·

306 905 413 990 inde
443 905 743 1010 haemorrlragia
764 904 928 984 mnium.
947 897 1052 986 adeo
1077 899 1314 988 vehementi
1357 901 1571 1005 laboravit,
1601 921 1649 987 ut
1674 909 1746 994 vix
1766 907 1859 994 artis

304 1050 462 1132 auxilio
482 1047 921 1155 compessi‚pooaerit.;
947 1037 1090 1128 debilis
1108 1041 1206 1130 inde
1223 1039 1369 1147 fiebat,
1401 1041 1690 1150 doloribusque
1716 1017 1856 1138 arthri'·

310 1193 406 1273 tisis
436 1189 750 1295 corripiebatur,
780 1186 927 1292 quibus
959 1202 1063 1270 muts
1088 1177 1314 1291 superiores
1338 1203 1383 1268 et
1406 1181 1619 1274 inferiores
1649 1187 1766 1272 valde
1787 1207 1855 1272 tu·-

294 1333 469 1414 rmebant
484 1332 568 1414 sane
594 1330 841 1414 nombilibus
865 1329 1190 1418 inflammationis
1218 1327 1540 1434 phoenomenis.;
1571 1327 1759 1450 adhibitis
1785 1333 1854 1412 ali·

293 1470 501 1576 quamdiu
533 1469 730 1555 remediis
763 1471 859 1553 huic
886 1468 1042 1552 :morbo
1073 1471 1268 1576 opposuis
1293 1469 1380 1568 fine
1401 1466 1570 1573 dructu,
1601 1472 1753 1589 balneis
1777 1471 1852 1586 saal

304 1616 489 1720 phuratis
527 1615 715 1697 utebatur
744 1635 839 1695 corn
869 1614 1096 1710 levamine;
1125 1614 1231 1700 inter
1257 1587 1366 1695 'haec
1400 1614 1588 1696 exercitia
1613 1611 1724 1700 nudo
1763 1638 1851 1696 core

293 1777 408 1864 pore
437 1753 649 1856 audieus,
677 1773 886 1860 aegrotum
918 1750 1032 1842 suum
1058 1753 1377 1856 contemplatus,
1408 1750 1566 1838 detexit
1581 1751 1852 1858 pulsationem

301 1897 439 1982 cordis
467 1895 697 1982 admodum
731 1894 910 1995 fortem,
945 1889 1008 1974 de
1041 1913 1123 1996 qun
1144 1891 1229 1996 iam
1254 1890 1501 1996 aliquamdiu
1532 1911 1696 1998 questus
1738 1913 1848 1998 erat,

293 2058 350 2122 -et
383 2038 481 2120 haee
514 2035 688 2145 pulsatio
723 2033 825 2117 adeo
869 2032 1091 2120 vehemens
1118 2031 1216 2120 lese
1253 2031 1539 2125 manifestabat
1570 2033 1736 2118 extensa
1775 2059 1849 2145 pet

285 2203 464 2264 *omnem
495 2181 671 2264 sinistrae
704 2179 893 2262 caritatis
921 2177 1100 2260 thoracis
1131 2193 1315 2286 partem,
1346 2169 1437 2260 imo
1468 2181 1588 2262 etiam
1624 2173 1728 2262 infra
1750 2175 1846 2262 ster·

293 2343 398 2404 num
418 2319 474 2404 ad
498 2319 679 2406 dextram
713 2341 875 2424 quoque
906 2319 1116 2404 cavitatem
1144 2340 1294 2423 usque,
1318 2335 1374 2402 ut·
1391 2341 1500 2402 nunc
1539 2314 1628 2404 satis
1657 2336 1844 2440 pateret,

298 2460 433 2545 adesse
473 2465 755 2571 expanslonem
792 2460 922 2545 cordis
958 2462 1027 2541 vel
1054 2481 1286 2564 aneurysma
1313 2461 1430 2568 hujus
1468 2463 1651 2546 uisceris.
1703 2465 1844 2576 Quum

285 2603 564 2712 zsymptomata
585 2607 786 2688 arthritica
804 2627 911 2688 nunc
933 2601 1181 2707 cessassent,
1209 2605 1368 2700 :balnea
1381 2605 1655 2710 non-amplius
1681 2603 1845 2686 adhibe·

294 2747 466 2851 bantur,
488 2767 539 2830 et
564 2745 806 2854 praescripta
833 2745 913 2829 fuit
947 2745 1080 2828 herba.
1104 2744 1276 2852 digitalis
1308 2767 1531 2852 purpurea,
1562 2766 1643 2847 quo
1676 2741 1842 2854 quidem

291 2903 433 2971 motus
462 2889 522 2972 illi
555 2890 885 2974 vehementiores
917 2886 1220 2993 quodammodo
1246 2887 1361 2976 fuere
1400 2889 1632 2988 nominaui,
1661 2885 1731 2971 sed
1756 2909 1844 2968 eor·

228 3085 233 3098 ·
281 3027 358 3112 -dis
400 3034 633 3138 organicum
673 3035 818 3116 uitium
856 3051 941 3113 non
978 3035 1115 3136 potuit
1149 3032 1267 3128 tullia
1314 3033 1599 3136 palpitationes
1639 3033 1840 3122 continue

289 3171 567 3278 augebantur,
597 3177 821 3258 anxiemtes
847 3171 1024 3256 sannmae
1050 3189 1184 3277 erant,
1218 3175 1252 3262 sa
1271 3170 1423 3278 supino
1449 3191 1625 3278 pomum
1651 3170 1837 3284 iacebat,

282 3313 418 3420 ,pedes
446 3313 660 3400 oedemate
678 3313 986 3420 aumefiebant,
1026 3312 1149 3400 iacies
1185 3317 1328 3404 colore
1360 3311 1493 3404 livido
1512 3313 1715 3420 augebat,
1745 3313 1842 3406 dum

290 3459 398 3539 vires
422 3457 583 3540 interim
610 3460 896 3542 minuebantur
925 3481 1044 3562 quam
1076 3463 1261 3543 maxime.
1311 3459 1360 3548 ln
1383 3458 1464 3548 bot
1487 3477 1586 3558 vum
1615 3455 1715 3558 statu
1742 3481 1835 3564 pum
1918 3491 1924 3500 ’

231 3569 235 3582 ’
284 3592 390 3681 stitit
413 3599 479 3680 hic
503 3601 699 3703 morbus,
730 3599 889 3705 donee,
922 3600 1164 3706 aliquamdiu
1192 3597 1380 3683 remediis
1411 3599 1687 3680 roborantibus
1715 3597 1831 3699 usus,

289 3742 396 3820 vires
421 3738 533 3821 :adeo
572 3741 867 3848 recuperasset,
891 3761 956 3826 aut
982 3747 1061 3826 ruri
1091 3766 1187 3828 eum
1224 3766 1334 3826 nrrnc
1368 3739 1515 3848 degere
1545 3735 1665 3845 posse
1689 3763 1831 3844 paren-

288 3896 348 3963 tes
381 3881 666 3987 opinarentur3
708 3907 791 3988 quo
829 3884 983 3970 medici
1012 3887 1184 3974 eonfflio
1222 3883 1342 3989 usus,
1379 3907 1457 3992 per
1484 3884 1639 3987 aliquot
1665 3899 1829 3988 tempus

274 4020 449 4123 quidem
481 4026 525 4105 in
558 4025 713 4108 meliori
742 4021 849 4110 ,statu
870 4047 924 4110 et
957 4029 1061 4112 bene
1093 4037 1270 4152 nutpitus
1305 4026 1448 4113 versari
1484 4023 1724 4127 videbatur,
1754 4022 1827 4105 sed

281 4163 372 4244 cito
399 4163 646 4269 augebantur
679 4170 811 4250 omnia
835 4143 1124 4276 symptomata,
1161 4137 1209 4255 ut
1229 4170 1395 4254 summis
1419 4172 1461 4250 in
1492 4169 1657 4271 regione
1692 4163 1826 4246 cordis

281 4300 493 4388 doloribus
523 4322 569 4386 et
597 4310 867 4392 anxietatibus
892 4331 1129 4419 correptus,
1172 4303 1274 4418 quae
1303 4331 1438 4414 neque
1469 4328 1599 4392 venae
1634 4304 1823 4388 sectioni·

221 4521 226 4529 .
280 4446 383 4550 bus,
427 4469 573 4552 neque·
590 4449 865 4556 hirudinibus,
908 4476 1040 4560 neque
1078 4452 1416 4560 antiphlogisticis
1442 4444 1652 4550 remediis,
1684 4467 1818 4552 neque

272 4584 456 4694 digitalis
487 4587 575 4674 usui
604 4590 831 4696 cedebant;
878 4595 1126 4680 accedebant
1146 4599 1267 4680 animi
1304 4593 1506 4698 deliquia,
1537 4587 1666 4674 facies
1700 4593 1820 4672 mmi-

274 4727 463 4837 disfima,
494 4737 655 4842 vigiliae
683 4755 906 4846 perpetuae
934 4763 1032 4826 oum
1065 4737 1165 4825 statu
1192 4732 1410 4843 soporoso,
1445 4729 1628 4838 hydrops
1655 4733 1818 4816 univer·-

1502 4898 1618 4976 ω
