4774 6330
511 480 1480 574 ,arceremuseuruuc
1591 600 1603 614 ,
1756 522 1812 600 23

317 709 460 816 Longe
487 705 671 793 diversus
701 723 764 789 est
793 709 836 791 in
860 707 934 788 hac
968 725 1078 812 parte
1110 708 1430 796 inflammationis
1454 710 1654 818 effectus,
1685 701 1804 820 a'tque

262 861 305 940 in
325 855 490 962 pleuraa
519 852 817 935 tuberculorum
849 849 958 930 eninr
989 847 1287 934 confluentium
1309 853 1640 937 inflammatorum
1657 851 1803 940 faciem

201 1101 203 1106 Ι
261 999 361 1080 haec
383 1017 472 1100 pars
494 1011 588 1097 prae
612 985 653 1070 le
673 983 780 1094 fert,
810 986 922 1095 quod
945 991 1066 1072 caiam
1088 992 1131 1072 in
1149 995 1325 1098 margine
1348 993 1521 1080 abscisso
1545 1019 1620 1102 per
1644 1020 1803 1080 omnem

259 1157 428 1224 nactum
457 1134 718 1220 inflammatae
750 1133 953 1238 pulmonis
979 1135 1100 1237 partis
1141 1152 1304 1238 apparet
1332 1131 1417 1236 (1);
1459 1154 1569 1220 totus
1597 1140 1706 1220 euim
1735 1142 1803 1221 ille

256 1300 393 1386 margo
427 1272 587 1362 crassior
619 1269 749 1358 factus
780 1291 863 1375 est,
894 1296 1012 1378 quam
1039 1279 1082 1360 in
1108 1273 1207 1358 statu
1233 1273 1323 1356 sano
1349 1275 1433 1358 csse
1459 1275 1587 1379 solet,
1618 1281 1799 1385 haecque

256 1421 446 1506 crassities
463 1415 658 1527 producta
681 1412 845 1500 videtur
860 1415 911 1497 ab
937 1415 1249 1500 inflammatione
1271 1421 1531 1519 cellularum,
1558 1444 1658 1524 quae
1673 1445 1797 1504 mem-

254 1570 413 1650 branam
440 1563 644 1670 propriam
671 1561 907 1664 pulmonum
939 1553 1215 1664 constituunt,
1246 1559 1341 1668 dum
1367 1559 1448 1666 ipsa
1472 1559 1611 1645 intima
1636 1568 1798 1668 pulmo-

253 1715 315 1793 nis
345 1699 580 1808 substantia,
610 1701 797 1785 altissime
831 1700 1005 1803 rubens,
1035 1706 1157 1784 etiam
1182 1701 1377 1781 cumlrac
1401 1699 1628 1783 membrana
1660 1709 1795 1808 proxi·

253 1871 369 1932 mum
394 1846 689 1930 commercium
714 1839 837 1928 habet
869 1861 911 1924 et
946 1846 991 1928 in
1022 1838 1124 1926 statu
1160 1841 1484 1926 inflammationis
1517 1839 1661 1926 versari
1685 1844 1798 1926 vide-

253 2011 330 2075 tur.
392 1985 592 2091 Adeoque
618 1987 660 2065 in
696 1985 777 2067 hoc
809 1982 1031 2092 specimine
1064 2002 1225 2092 praeter
1259 1963 1459 2067 nrirabilcs
1493 1988 1599 2066 vires
1637 2003 1799 2068 naturae

252 2129 565 2236 reproducenter
593 2145 635 2211 et
665 2125 936 2231 formatrices,
965 2129 1159 2217 habemus
1194 2123 1411 2212 manifesta
1444 2124 1551 2231 signa
1577 2113 1794 2210 inflamma-

251 2278 374 2358 tionis
403 2270 554 2355 armano
576 2267 697 2378 gradu
721 2273 881 2377 plerane
903 2277 1168 2380 pulmonalis,
1195 2269 1518 2356 inflammationis
1542 2269 1793 2354 membranae

251 2418 436 2523 propriae
452 2413 689 2519 pulmonum
715 2412 916 2522 ipsiusque
936 2413 1170 2502 substantiae
1194 2417 1379 2514 intimae,
1395 2411 1435 2494 id
1457 2431 1519 2496 est
1535 2433 1657 2498 uerae
1677 2415 1795 2518 pleu-

250 2557 715 2667 ro-peripneumonine,
741 2558 956 2663 picturam,

287 2897 351 2984 (a),
367 2897 443 2967 ura.
457 2839 546 2964 'rua
568 2897 605 2966 u.
