4774 6330
597 427 1128 520 *Fateteutus
1190 433 1506 523 Pri-auus.
1799 466 1829 544 9

273 657 341 742 de
364 660 499 760 aucti;
523 677 608 738 non
624 677 727 741 vero
743 671 857 739 tanto
881 650 1144 740 indurationis
1166 655 1287 764 gradu
1304 656 1830 764 affecti,·quantum·iocum

275 798 470 884 <hebetia
484 798 716 905 posteriore*
741 794 876 880 cordis
899 794 1135 903 superficie,
1161 821 1264 904 quae
1290 804 1335 884 in
1359 798 1533 884 secunda
1558 800 1692 884 tabula
1713 801 1828 914 exhi-

282 941 419 1024 betur.
450 936 968 1045 Conspiciunturenimhic
987 961 1072 1021 non
1088 940 1162 1024 nisr
1178 942 1408 1047 irregulares
1429 939 1644 1026 admodum
1656 925 1828 1026 iaciniae

288 1083 603 1166 membranamm
620 1077 831 1188 pericardii
854 1096 895 1162 et
915 1076 1169 1186 mediastini,
1200 1073 1364 1184 quanam
1386 1084 1561 1186 partiunt
1583 1102 1710 1164 nexus
1733 1091 1828 1163 cuin

290 1218 413 1304 corde
434 1220 726 1305 indissolubilis
760 1239 847 1322 est3
877 1224 1175 1328 cartilagineam
1205 1220 1336 1306 ferme
1366 1222 1554 1306 duritiem
1581 1223 1753 1326 habent,
1777 1239 1829 1316 ,et

289 1367 334 1444 in
367 1385 490 1464 unam
525 1360 768 1446 durissimam
808 1359 1061 1446 substantiam
1089 1367 1221 1449 omnia
1256 1369 1364 1448 inter
1390 1361 1431 1446 se¹
1466 1381 1655 1446 concreta
1688 1337 1861 1445 viden-x

291 1519 382 1604 tur,
411 1521 461 1586 ut
491 1503 714 1587 tuirandum
744 1502 820 1606 stt,
866 1509 990 1587 vitam
1021 1503 1175 1589 tamdiu
1205 1523 1448 1614 protractam
1480 1502 1629 1608 fuisse,
1668 1522 1714 1588 ut
1745 1509 1827 1588 vis-

292 1635 364 1728 cus
398 1645 480 1727 hoc
508 1649 632 1730 vitale
648 1675 651 1683 Α
669 1649 712 1730 in
742 1662 893 1728 tantam
929 1640 1281 1752 degenerationem
1313 1647 1478 1731 transire
1510 1647 1713 1751 potuerit,
1739 1669 1830 1746 ¹nec

194 1817 199 1828 ·
291 1785 374 1866 vita
407 1788 518 1891 prius
544 1787 595 1870 srt
624 1782 750 1869 finita.
1801 1769 1802 1774 Ν

349 1925 517 2013 Interim
541 1951 626 2010 non
647 1925 807 2035 semper
832 1930 1118 2036 phoenomena
1142 1931 1272 2015 morbi
1306 1933 1415 2014 acuti
1441 1927 1646 2014 observata
1678 1931 1833 2015 suntin

296 2071 492 2174 aegrotis,
524 2073 568 2152 in
592 2071 1041 2175 quorumcadaveribus
1061 2096 1135 2181 per
1152 2094 1321 2156 examen
1346 2072 1610 2156 anatomicam
1631 2040 1832 2178 eiusmodi

291 2205 628 2314 “degenerationes
680 2216 855 2318 partium
907 2212 1088 2296 detectae
1123 2212 1234 2320 sunt,
1275 2237 1321 2296 ac
1359 2215 1401 2298 ss.
1421 2232 1538 2298 acuta
1571 2215 1835 2332 inflammatio

295 2349 431 2434 cordis
463 2371 506 2435 et
542 2353 775 2459 pericardii¹
796 2351 902 2438 esset
931 2354 1166 2460 praegressa.
1222 2356 1391 2440 Etenim
1414 2352 1739 2438 observationem
1771 2348 1835 2433 fe·

294 2497 422 2576 cimus
445 2497 488 2575 in
518 2491 756 2578 dissecando
792 2493 985 2578 cadavere
1014 2501 1115 2603 viri,
1149 2503 1217 2604 qui
1251 2502 1423 2604 aprima
1451 2495 1700 2601 iuventute,
1733 2497 1831 2590 licet

290 2633 346 2716 ad
377 2652 585 2718 externum
610 2636 789 2719 habitum
813 2634 1036 2723 sanissimus
1065 2639 1295 2741 videretur,
1323 2637 1403 2742 jam
1430 2633 1698 2740 symptomata
1728 2655 1832 2714 mor·

294 2773 416 2857 bosae
449 2778 619 2858 actionis
644 2799 883 2884 organorum
913 2780 1192 2884 respirationis
1213 2775 1347 2884 passus
1375 2773 1529 2875 fuerat3
1559 2771 1706 2874 deinde
1727 2796 1833 2876 vero,

296 2921 436 3000 morbo
459 2919 665 3002 catarrhaii
689 2943 780 3003 curn
800 2918 976 3004 sordium
1003 2922 1044 3001 in
1070 2923 1209 3026 primis
1233 2920 1312 3002 viis
1335 2934 1378 2997 et
1393 2915 1718 2998 inflammationis
1740 2919 1830 3020 pul·

295 3080 463 3140 monum
477 3056 595 3163 signis
621 3049 836 3164 laborauit,
868 3083 921 3143 ex
941 3083 1021 3165 quo
1035 3063 1177 3142 morbo
1199 3056 1362 3164 quidem
1388 3053 1655 3142 insanitatem
1674 3061 1833 3142 restitu-

242 3269 245 3275 ,
297 3219 362 3284 tus
391 3199 621 3306 videbatur,
652 3226 736 3285 non
776 3223 873 3283 vero
910 3202 994 3285 stne
1028 3199 1178 3283 difficili
1211 3199 1367 3305 semper
1402 3199 1689 3304 respiratione,
1728 3220 1830 3315 quae

296 3343 533 3446 augebatur,
562 3329 777 3446 postquam
797 3364 903 3424 auno
926 3341 1111 3447 sequenti
1139 3338 1269 3424 scabie
1292 3358 1528 3445 correptus,
1558 3317 1725 3422 biennio
1740 3357 1834 3444 post

293 3480 411 3592 febre
452 3481 595 3566 biliosa
632 3508 727 3566 cum
765 3480 914 3566 summa
955 3469 1134 3590 pectoris
1168 3488 1367 3566 anxietate
1402 3481 1674 3578 laboraverat,
1728 3503 1830 3584 quae

298 3621 459 3725 quidem
495 3627 672 3728 pectoris
716 3628 816 3708 maia
857 3627 911 3707 ita
954 3627 1168 3728 quotannis
1206 3641 1320 3706 aucta
1354 3617 1547 3722 suentnt,
1596 3638 1642 3701 ut
1677 3617 1833 3734 saepius

300 3763 498 3869 sanguinis
531 3765 784 3850 missionibus
819 3770 1000 3875 repetitis
1036 3771 1118 3851 vita
1145 3768 1233 3875 ejus
1263 3763 1405 3847 seruari
1443 3779 1483 3840 et
1515 3756 1634 3842 miser
1663 3781 1684 3838 a
1710 3755 1832 3842 fuffu-

292 3909 459 3988 catione
491 3905 545 4008 src
571 3906 731 3989 liberari
759 3904 953 3993 debuerit.
981 3913 1138 4016 ¹Atque
1164 3913 1220 3992 ita
1246 3905 1367 3991 status
1393 3903 1512 4010 hujus
1532 3905 1637 4006 viri,
1663 3919 1831 4007 quotan-

299 4051 362 4130 nis
395 4052 520 4152 magis
559 4050 795 4153 urgentibus
824 4049 1181 4159 symptomatibus,
1221 4073 1332 4155 quae
1360 4050 1539 4129 colorem
1571 4041 1740 4127 lividum
1772 4040 1832 4126 ia-

301 4192 379 4270 ciei
401 4212 494 4270 cum
518 4187 682 4272 summis
709 4187 915 4280 doloribus
936 4213 984 4276 -et
1015 4196 1218 4275 anxietate
1249 4191 1386 4272 secum
1413 4185 1620 4287 ferebant,
1646 4189 1692 4267 in
1716 4183 1830 4289 pejus

299 4329 546 4432 mutabatur,
587 4349 633 4412 ut
665 4333 933 4416 anxietatibus
967 4351 1009 4414 et
1043 4333 1249 4414 doloribus
1285 4329 1335 4411 ad
1362 4328 1558 4411 summum
1594 4321 1827 4431 perductis,

294 4467 457 4552 tandem
487 4470 760 4578 exspiravreit,
1238 4471 1242 4477 ’

350 4613 516 4718 ,Αρεηο
538 4615 729 4718 thorace,
745 4613 905 4701 sublatis
918 4615 1055 4702 ,sterno
1070 4636 1112 4701 et
1128 4614 1326 4701 costantm
1341 4607 1520 4720 partibus
1540 4607 1828 4713 anterioribus,

1551 4778 1576 4836 a
