4736 6344
537 387 1073 480 appete-rc2trrjus
1122 383 1337 476 &ren
1364 409 1381 470 ι
1409 412 1502 480 tta.
1750 417 1811 508 s)

286 620 291 630 '
323 615 431 704 Cum
462 611 584 700 sensu
613 617 726 698 enim
761 613 835 696 illo
867 609 1082 716 pressionis
1103 606 1267 716 junctus
1303 587 1411 694 nunc
1443 633 1532 696 erat
1564 611 1708 722 dolor,
1729 623 1809 728 qtrl

268 761 442 844 maxime
463 757 705 864 erigebatur,
733 755 764 840 st
787 755 902 838 flatus
924 772 1000 834 aut·
1018 771 1156 837 ructus
1179 749 1381 858 superiora
1407 755 1544 840 versus
1578 757 1806 866 surgerents

267 917 361 984 cum
393 901 475 984 illis
505 899 684 983 ructibus
704 917 850 980 mutos
877 891 1069 977 subsalsus
1099 893 1149 978 ad
1181 892 1318 978 fauces
1344 894 1645 1006 adscendebat,
1674 924 1810 1010 eoquo

265 1059 313 1124 os
332 1039 561 1145 replebatur
584 1038 740 1142 saepius
767 1057 844 1142 per
869 1033 994 1116 diem.
1052 1033 1271 1118 Difficilius
1298 1058 1415 1140 quam
1442 1059 1586 1144 antea,
1618 1067 1721 1148 quae
1749 1051 1808 1129 in.

265 1185 403 1287 gerere
440 1182 570 1264 vellet
604 1183 816 1273 alimenta,
851 1173 1127 1274 ventriculum
1151 1173 1291 1259 versus
1329 1176 1656 1287 descendebam
1686 1185 1809 1272 fluida

259 1343 358 1407 vero
372 1320 495 1408 facile
519 1319 639 1424 satis,
667 1322 751 1404 cibi
775 1321 906 1400 multo
930 1317 1132 1401 difficilius
1150 1315 1479 1421 depellebmmm
1505 1319 1654 1408 delude
1679 1332 1803 1414 etiam

258 1465 379 1574 plane
394 1462 641 1548 descendere
663 1480 748 1543 noo
774 1479 995 1566 potuerunt
1020 1482 1063 1542 et
1083 1464 1326 1566 plerumque
1349 1485 1425 1566 per
1438 1483 1486 1544 os
1500 1463 1687 1550 redibant
1710 1494 1812 1556 cum.

256 1607 467 1712 magnoin
488 1625 656 1712 pectore
684 1601 848 1701 dolore,
882 1623 966 1706 quo
989 1619 1120 1683 totum
1153 1622 1300 1706 copus
1324 1605 1495 1686 multum
1529 1605 1801 1716 afficiebatur,

256 1765 300 1830 et
327 1752 516 1854 quoniam
547 1751 617 1832 vix
646 1751 724 1831 ulia
759 1747 950 1828 alimenta
970 1733 1174 1850 caperet,
1213 1741 1524 1827 consumebatur
1552 1745 1693 1828 sensim
1721 1773 1808 1834 ma«

257 1893 345 1991 tie,
367 1907 414 1972 'et
442 1893 548 1973 vires
578 1885 888 1985 minuebantur,
914 1903 960 1968 ut
989 1883 1152 1968 tandem
1186 1881 1307 1966 sellae
1329 1889 1396 1967 vix
1423 1887 1594 1970 insidere
1630 1895 1800 1995 amplius

252 2029 402 2140 posset
483 2029 650 2114 Interim
692 2027 886 2134 proposui
922 2045 1042 2110 tenax
1077 2025 1262 2111 medicus
1297 2030 1491 2132 pergebat
1524 2029 1797 2134 praescibere

251 2178 345 2258 arlia
381 2169 583 2274 remedia,
621 2194 725 2274 quae
755 2189 846 2274 apta
876 2167 949 2251 sabi
976 2165 1216 2252 videbantur
1236 2169 1287 2252 ad
1311 2174 1516 2255 materiem
1545 2173 1666 2255 illam·
1684 2176 1799 2260 rheu·

246 2317 456 2413 maricam,
485 2315 528 2398 in
558 2310 805 2420 praecordiis
835 2312 1095 2413 haerentem,
1124 2307 1386 2410 solvendam,
1415 2331 1534 2416 atque
1561 2335 1635 2418 per
1657 2334 1797 2400 cutem

250 2475 318 2536 aut
349 2458 488 2537 urinae
515 2457 601 2538 vias
636 2451 946 2560 expellendam
987 2474 1112 2555 quum
1155 2473 1288 2534 autem
1332 2449 1421 2554 eius
1453 2464 1667 2538 conamina
1712 2479 1800 2542 non

245 2589 445 2698 faustum,
490 2591 562 2677 sed
593 2597 635 2678 io
671 2593 758 2678 dies
794 2597 920 2700 magis
962 2588 1173 2677 infelicem
1214 2589 1406 2674 effectum
1450 2594 1667 2695 baberent,
1714 2613 1798 2678 tan·

244 2729 337 2816 dem
366 2735 553 2841 rogabar,
580 2753 626 2817 ut
653 2735 762 2820 hunc
791 2752 998 2839 aegrotum
1034 2737 1323 2834 examinarem
1362 2738 1429 2818 cui
1459 2739 1614 2838 rogatui
1643 2735 1802 2824 eodem.

243 2873 311 2958 die
353 2873 528 2961 satisfeci
568 2898 612 2961 et
651 2899 745 2961 eum
785 2875 946 2966 medico
992 2874 1043 2958 de
1089 2871 1192 2960 statu
1230 2877 1360 2959 morbi
1405 2881 1636 2962 collocutus
1689 2876 1790 2966 sum.

240 3017 327 3126 Jam
360 3041 463 3101 vero
492 3040 547 3099 eo
583 3036 820 3123 pervenerat
851 3021 1025 3117 malum,
1070 3037 1116 3100 ut
1145 3039 1223 3101 nec
1249 3021 1332 3102 boli
1361 3017 1619 3122 manducati,
1658 3043 1791 3126 neque

241 3177 363 3266 potus
393 3162 465 3242 ulli
490 3181 564 3266 per
589 3154 867 3268 oesophagum
904 3156 1148 3240 descendere
1176 3154 1366 3264 possent,
1399 3155 1471 3240 sed
1500 3159 1655 3263 omnia,
1686 3184 1787 3264 quae

239 3302 419 3404 ingerere
455 3299 699 3402 conabatur,
728 3305 1022 3408 repellerentur
1047 3325 1141 3386 cum
1175 3323 1298 3384 muco
1326 3321 1518 3407 corrupto
1540 3322 1583 3384 et
1605 3305 1685 3386 acri
1704 3308 1786 3388 aci·

239 3437 294 3521 do
332 3441 527 3544 humore,
588 3444 670 3524 imo
713 3443 820 3526 hunc
859 3442 1035 3551 ejectum
1071 3446 1282 3528 humorem
1322 3443 1554 3526 examinans
1592 3443 1784 3528 videbam

238 3573 311 3685 ipsi
345 3579 493 3684 aliquid
522 3583 630 3686 puris
656 3601 698 3664 et
722 3581 919 3691 sanguinis
949 3583 1175 3670 admixtum
1216 3583 1331 3687 esse3-
1368 3607 1486 3690 aeger
1519 3608 1626 3668 nunc
1658 3585 1781 3668 etiarn

236 3725 476 3826 querebatur
510 3721 561 3805 de
593 3726 836 3810 intolerabili
864 3729 908 3810 in
943 3747 1114 3834 pectore
1160 3725 1330 3828 dolore,
1387 3730 1457 3830 qui
1491 3725 1656 3828 quidem
1698 3739 1783 3806 etat

234 3863 488 3980 continuus,¹
530 3861 600 3947 scd
641 3865 915 3951 acerbissimus
953 3867 1058 3954 inter
1098 3873 1311 3952 conamina
1348 3861 1583 3976 depellendi
1629 3861 1782 3969 aliquid

234 4024 301 4088 aut
332 4003 527 4091 reddendi
559 4006 658 4092 illud
681 4015 864 4113 vomitu3
893 4005 1048 4116 saepius
1077 4017 1226 4116 ctiam,
1257 4029 1495 4116 quamquam
1527 4005 1631 4098 nihil
1664 4003 1778 4110 inge·

232 4167 322 4228 tere
355 4149 595 4250 conabatur,
625 4153 713 4232 talis
748 4176 888 4233 mucus
912 4156 1154 4257 purulentus
1175 4148 1410 4256 adsurgebat
1437 4145 1487 4230 ad
1510 4141 1651 4228 satrces
1684 4165 1777 4225 cum

230 4282 365 4369 sonitu
408 4284 643 4372 turbulento
678 4309 721 4370 et
759 4289 902 4375 dolore
950 4313 1113 4398 magno.
1151 4341 1157 4350 ·
1197 4287 1339 4370 Macie
1378 4283 1505 4366 senne
1540 4277 1771 4362 consumtus

227 4428 297 4511 hic
327 4427 452 4509 homo
481 4445 588 4528 erat,
618 4431 732 4514 alvus
759 4427 916 4536 stricta,
945 4429 1083 4538 pulsus
1108 4425 1404 4526 debilissimus,
1426 4439 1470 4504 et
1504 4421 1642 4504 omnia
1669 4421 1770 4506 mihi

227 4565 467 4654 videbanmr
487 4568 664 4654 indicare
693 4571 813 4679 hujus
847 4570 982 4659 miseri
1005 4569 1134 4656 fatum
1158 4569 1274 4653 brevi
1305 4561 1461 4649 instare.
1518 4558 1764 4646 Persuadere

224 4701 398 4795 conabar
429 4707 592 4797 medico
625 4709 679 4797 de
711 4713 937 4821 praesentia
974 4717 1070 4804 mali
1101 4717 1147 4802 iu
1178 4707 1264 4820 ipsa
1295 4705 1541 4817 oesophagi,
1571 4705 1641 4789 vel
1675 4727 1764 4816 par·
