4736 6344
614 423 671 542 ,62³
767 417 2034 525 Icorru'u'‘Auaronreo-‘Paarrotoetc'anurr

604 671 673 750 lus
695 685 785 748 erat
810 657 1009 761 tumidus,
1042 649 1238 761 expansus
1275 649 1393 752 adse,
1434 669 1555 753 quem
1588 648 1747 734 caseosa
1779 653 1896 737 lactis
1928 677 2040 762 pm,
2095 681 2168 743 ω.

611 825 836 910 contenta,
865 806 1154 899 extricaverat3
1196 795 1323 899 hepar
1358 815 1453 875 cum
1488 793 1666 878 vesicula
1688 789 1810 876 fellea
1842 792 2064 884 videbatur
2094 800 2151 886 sa·

608 973 733 1050 nunt,
780 951 864 1030 lien
903 946 1083 1028 veroin
1120 939 1254 1021 minus
1293 937 1489 1020 volumen
1523 955 1752 1021 contractus
1787 953 1833 1020 et
1864 935 2147 1048 duriusculus,

608 1114 728 1176 renes
753 1089 994 1198 apparebant
1013 1083 1117 1187 sani,
1148 1079 1277 1163 vesica
1297 1081 1489 1183 urinaria,
1520 1101 1659 1190 parum
1680 1078 1772 1162 lotii
1795 1082 2038 1190 continens,
2062 1106 2147 1171 etat

605 1255 727 1341 parva
758 1250 806 1314 et
833 1248 1052 1314 contracta.
2103 1261 2105 1264 ·

662 1374 712 1456 ln
737 1371 900 1454 thorace
937 1372 1068 1452 multo
1097 1364 1248 1471 majora
1285 1365 1376 1448 mali
1411 1367 1586 1472 vestigia
1628 1363 1993 1472 conspiciebantur.
2064 1369 2150 1456 Cor

607 1537 702 1598 cum
730 1505 961 1620 peri'cardio
993 1526 1077 1592 erat
1112 1510 1220 1590 bene
1264 1503 1552 1609 constitutum,
1605 1511 1820 1615 pulmones
1854 1533 1953 1596 vero
1989 1535 2152 1621 appare·

606 1656 701 1738 bant
725 1654 924 1755 morbosi,
974 1652 1077 1756 nigri
1106 1673 1181 1756 per
1220 1668 1385 1730 omnem
1426 1647 1680 1756 superficiem
1720 1652 1889 1757 colore,
1932 1677 2020 1738 non
2060 1678 2146 1739 uno

604 1798 649 1879 iu¹
681 1796 777 1876 loco
803 1816 897 1876 cunr
925 1795 1067 1901 pleura
1098 1793 1298 1893 concreti,
1336 1791 1380 1873 in
1413 1787 1557 1876 dextro
1588 1796 1780 1877 nonnulla
1815 1811 1926 1877 erant
1957 1797 2146 1885 tubercu-

604 1941 666 2040 la,
696 1938 741 2016 in
768 1936 927 2019 sinistro
950 1955 1071 2042 parva
1102 1935 1264 2017 vomica
1291 1929 1535 2038 superiorem
1567 1934 1708 2018 lobunr
1734 1937 1968 2042 occupabat

658 2074 858 2159 Glandula
884 2073 1115 2180 thyrioidca
1144 2071 1294 2156 tumida
1323 2093 1432 2177 erat,
1475 2071 1572 2160 dura
1600 2095 1643 2160 et
1668 2080 1800 2162 multo
1831 2076 1988 2186 maior,
2027 2101 2154 2187 quiam·

605 2215 720 2302 senili
755 2235 887 2302 aetate
931 2217 1034 2300 solet
1081 2216 1192 2321 esse3
1231 2221 1273 2300 in
1309 2233 1518 2322 utramque
1557 2219 1761 2300 lateralem
1800 2215 2018 2327 oesophagi
2055 2245 2151 2328 par-

602 2379 686 2441 tem
715 2347 1015 2464 quodammodo
1050 2357 1265 2465 impressa3
1306 2360 1351 2441 in
1387 2357 1530 2444 dextro
1560 2383 1661 2448 vero
1692 2364 1820 2444 latere
1850 2363 1984 2446 aurito
2018 2369 2153 2472 magis·

601 2498 755 2585 tumida
788 2518 830 2584 et
856 2500 976 2605 dura,
1013 2499 1301 2585 extendebatur
1333 2498 1528 2618 inferiora
1568 2501 1704 2588 versus
1736 2523 1864 2608 usque
1889 2497 1941 2584 ad
1961 2499 2141 2610 superio

600 2663 684 2727 rem
707 2667 817 2726 arcus
850 2647 1016 2727 arteriae
1042 2657 1176 2726 aortae
1210 2658 1396 2750 partem,
1425 2643 1495 2729 ubi
1524 2643 1764 2729 cohaerebat
1786 2667 1882 2728 cum
1908 2645 2039 2729 multo
2068 2642 2149 2730 ‹lu-²

599 2789 706 2868 riore
746 2808 917 2892 corpore
939 2783 1186 2897 glanduloso
1224 2785 1429 2892 oblongo,
1480 2783 1593 2892 quod
1626 2808 1701 2892 pro
1736 2799 1848 2891 parte
1890 2805 1986 2868 cum
2027 2805 2147 2869 tamo

597 2923 739 3007 dextro
769 2925 1060 3010 bronchiorunr
1087 2944 1173 3032 erat
1206 2947 1434 3010 connexum
1462 2949 1640 3032 eumque
1672 2929 1796 3009 etiam
1833 2925 2026 3032 tegebat,
2062 2949 2140 3034 pro

554 3105 558 3112 ·
594 3084 708 3171 parte
745 3063 852 3148 insta
893 3089 985 3148 eum
1027 3067 1261 3148 excurrebat
1301 3072 1356 3150 ita
1388 3067 1486 3170 srta,
1529 3085 1575 3153 ut
1604 3083 1791 3150 concreta
1821 3066 1879 3152 ibi
1911 3064 2018 3149 esset
2047 3088 2156 3152 cumr

598 3199 821 3310 oesophagi
863 3207 1023 3288 tunicis.
1101 3209 1151 3292 ln
1183 3212 1320 3291 latere·
1359 3207 1517 3292 sinistro
1562 3211 1643 3292 tale
1681 3229 1827 3314 corpus
1864 3203 2137 3314 glmrdulosum

598 3367 683 3434 non
715 3346 868 3447 aderat,
911 3366 1054 3430 verum
1092 3370 1203 3433 arcus
1235 3367 1370 3432 aortae
1403 3349 1573 3456 eiusque
1610 3347 1844 3456 progressus
1886 3345 2151 3432 descendeus.

598 3489 819 3574 arctissrme
853 3511 945 3572 curn
980 3487 1214 3598 oesophago
1251 3509 1541 3597 concreverat,
1595 3491 1657 3572 uti
1692 3508 1861 3594 quoque
1899 3485 2137 3596 substantia,

594 3648 810 3736 utrumque
839 3636 1017 3715 canalem
1054 3631 1315 3720 constituens,

651 3774 813 3878 Larynx
839 3773 996 3859 osseam
1031 3777 1207 3859 habebat
1249 3778 1468 3879 duritiem
1496 3775 1597 3858 haec
1623 3791 1759 3857 autern
1789 3791 1887 3854 cum
1918 3789 2055 3878 aspera
2080 3793 2139 3854 ar·

597 3916 701 3995 teria
736 3912 955 4019 oesophagi
1000 3917 1148 3998 tunicis
1192 3919 1408 4004 arctissime
1437 3935 1523 4002 erat
1556 3933 1743 4016 accreta3
1785 3909 1994 4020 glandulae
2032 3935 2134 3999 vero

596 4073 722 4157 atrae,
751 4055 959 4138 branchiis
981 4053 1232 4163 adjacentes,
1253 4082 1337 4144 non
1353 4077 1474 4144 erant·
1490 4056 1687 4165 majores,
1716 4075 1835 4162 quam
1872 4057 1917 4139 in
1940 4050 2041 4138 stam
2065 4077 2132 4140 na·

594 4199 709 4280 turali
741 4196 829 4280 esse
868 4195 1012 4282 solent.

617 4337 870 4444 'Hucusque
900 4339 1056 4446 inipso
1081 4342 1272 4432 cadavere
1299 4344 1528 4432 adhucdum
1558 4358 1770 4428 contentas
1799 4335 2007 4426 morbosus
2040 4359 2128 4445 par·

594 4497 657 4564 tes
682 4483 926 4583 examinavi3
962 4501 1104 4588 postea
1133 4511 1233 4572 vero
1269 4512 1337 4575 eas
1369 4489 1535 4594 sustuli,
1563 4504 1612 4572 ut
1642 4482 1773 4593 ipsum
1817 4500 1983 4588 quoque
2011 4475 2141 4562 oeso·

515 4713 517 4718 ,
594 4619 715 4726 phagi
747 4638 914 4704 tractum
946 4621 1202 4712 videremet
1236 4626 1505 4718 demonstrare
1544 4624 1730 4738 possem,
1767 4642 1851 4732 quo
1885 4615 2144 4728 morineias·

596 4756 745 4848 fabrica
774 4759 876 4845 esset
903 4781 1063 4847 mutata.
1135 4817 1186 4828 ..
1591 4847 1597 4856 .
2040 4783 2065 4834 ,·
2107 4791 2146 4830 Δι
