4794 6348
536 455 1056 546 ffinscrcutms
1114 443 1483 550 sanstus.
1647 501 1652 514 ·
1736 465 1787 552 σι

235 683 530 768 mercurialem
550 653 694 764 l’len
709 679 791 761 ltii
818 678 1057 778 mixturam,
1092 697 1144 758 er
1165 684 1367 766 mercurio
1393 685 1492 766 vivo
1519 705 1612 768 cum
1637 691 1802 798 gummi,

239 825 407 907 arabico
439 819 659 928 et··syrup0
678 819 843 902 {altheae
873 816 1002 921 probe
1034 814 1232 926 subacto,
1262 843 1305 916 et
1333 848 1433 928 aqua
1464 823 1659 910 destillant
1684 829 1788 913 dilu..

241 982 320 1064 to.;
344 963 461 1071 quod
483 961 709 1072 remedium
734 982 827 1069 prae
847 958 935 1040 aliis
958 959 1059 1043 mihi
1088 960 1155 1044 bic
1174 962 1408 1068 eligendum
1430 965 1667 1069 videbatur,
1697 973 1791 1075 quia

243 1104 406 1188 mallum
440 1127 581 1212 aegrae
606 1106 709 1211 parti
747 1098 885 1184 afferat
918 1095 1150 1202 stimulum,
1180 1106 1265 1186 imo
1303 1129 1404 1190 vero
1439 1108 1609 1193 eandem
1643 1109 1788 1195 blande

245 1241 476 1330 demulceat
504 1267 548 1330 et
575 1245 772 1354 deputet,
800 1259 920 1344 atque
949 1238 1003 1323 fic
1030 1239 1221 1328 inserviat
1249 1263 1434 1350 tanquam
1458 1251 1677 1354 balsamus,
1704 1275 1788 1358 quo

242 1385 384 1470 ulcere
408 1385 579 1468 affectae
601 1387 790 1468 intemae
823 1379 1038 1488 oesophagi
1074 1388 1251 1469 tunicae·
1270 1390 1529 1476 obliniantur.
1601 1381 1805 1480 Eventus

245 1547 331 1612 erat
360 1551 450 1611 non
465 1521 705 1631 *infaustust
742 1528 876 1611 multo
913 1519 1071 1608 facilius
1104 1531 1218 1632 parvi
1246 1531 1410 1614 bausuts
1439 1531 1556 1638 hujus
1589 1536 1788 1618 mixturae

246 1663 551 1752 descendebant
589 1691 664 1774 per
700 1663 805 1750 adeo
832 1669 938 1750 male
971 1665 1154 1752 affectam
1184 1689 1370 1778 partem,
1413 1697 1531 1778 quam
1559 1678 1627 1760 alii
1665 1696 1788 1784 potus

248 1809 497 1895 blandissimi
532 1813 678 1914 etiam,
708 1834 808 1915 quos
841 1831 914 1916 per
934 1809 1100 1912 aliquot
1134 1809 1224 1896 dies
1261 1810 1459 1921 deglutire
1499 1812 1630 1900 metat
1667 1838 1804 1898 conar

238 1967 342 2052 tus,
371 1954 522 2058 quique
557 1975 635 2059 pro
669 1953 839 2035 maxima
871 1967 998 2056 parte
1014 1949 1285 2036 reddebantur
1312 1978 1402 2039 cum
1428 1960 1557 2040 mrtlto
1592 1981 1713 2040 muco
1743 1972 1807 2040 et·

230 2087 416 2193 ‚dolose;
444 2095 530 2176 imo
555 2089 825 2201 profitebauu
850 2063 994 2196 mise'r,
1025 2090 1067 2176 se
1101 2097 1377 2179 levamentum
1409 2121 1432 2180 a
1463 2095 1591 2180 sumto
1618 2099 1699 2182 boc
1727 2117 1789 2182 te·

242 2228 387 2318 ,medio
414 2235 601 2339 experiri.
655 2230 772 2316 Haec
810 2251 948 2318 autem
978 2237 1211 2318 levamenta
1244 2263 1341 2322 mox
1372 2241 1651 2344 turbabantur,
1682 2241 1711 2326 s1
1737 2239 1789 2340 ad

250 2369 397 2458 samem
428 2371 685 2460 minuendam
701 2373 864 2480 aliquid
891 2377 1107 2460 nutrientis
1129 2395 1277 2483 potus,
1305 2383 1527 2486 praecipue
1556 2404 1654 2464 vero
1684 2383 1787 2483 cibi,

250 2511 449 2617 deglutire
472 2533 668 2621 tentaret,
691 2536 735 2600 et
758 2519 858 2600 haec
882 2495 1101 2600 tentamina
1124 2524 1664 2631 tantopere-vexabant,.ut,
1686 2519 1787 2604 sum-

251 2659 327 2740 mis
364 2653 571 2744 doloribus
598 2677 640 2742 et
662 2661 968 2774 vomituritione
999 2676 1198 2768 perpetua
1228 2657 1389 2743 tandem
1408 2660 1563 2745 amissas
1593 2661 1786 2786 omnibus

247 2797 421 2901 viribus,
452 2801 599 2885 valtimo
633 2797 859 2906 exspiraret.
1801 2876 1804 2882 Δ

296 2939 503 3044 Apertum
526 2939 705 3028 ¹conserver
735 2940 946 3049 sequentia
977 2961 1120 3030 notatu
1134 2943 1265 3054 dignu
1289 2947 1490 3035 exhibuit.
1551 2947 1669 3031 Cutis
1695 2965 1787 3030 erat
1836 3049 1840 3058 ι

244 3078 375 3184 arida,
393 3113 395 3121 ·
416 3099 560 3186 tenax,
601 3079 718 3168 sulbar
750 3086 851 3168 corii
892 3091 1139 3193 praeparati,
1178 3085 1389 3172 consumta
1425 3092 1702 3172 intercutem
1741 3106 1785 3172 et

248 3222 450 3317 musculos
476 3243 559 3328 ‚pro
591 3227 763 3307 maxima
790 3243 912 3331 porte
942 3231 1030 3310 tela
1065 3229 1280 3336 cellulosa,
1321 3232 1489 3312 arteriae
1519 3227 1668 3334 rigidae
1693 3231 1783 3335 plus

248 3358 446 3470 sauguinis
469 3363 777 3469 continebant,
806 3390 925 3472 quam
949 3371 991 3450 in
1020 3373 1109 3455 aliis
1147 3369 1407 3454 cadaveribus
1436 3369 1570 3452 solent
1596 3351 1784 3454 contine}

243 3522 315 3603 rer
341 3523 470 3586 venae
504 3525 592 3586 nen
611 3509 672 3588 ita
697 3524 814 3590 erant
837 3514 1036 3616 repletae,
1062 3511 1175 3617 quod
1199 3516 1249 3595 in‘
1270 3513 1383 3595 lento
1409 3511 1551 3594 morbo
1579 3507 1783 3595 emineas

147 3687 155 3702 ·
244 3641 441 3728 senilibus
475 3647 713 3752 corporibus
746 3651 898 3755 pluries
929 3650 1166 3758 observavi,
1196 3652 1312 3757 cujus
1348 3653 1405 3733 rei
1432 3651 1532 3731 ratio
1561 3650 1662 3732 mihi
1693 3647 1780 3732 esse

242 3779 408 3867 videtur
435 3786 481 3869 in
504 3806 619 3870 aucta
648 3787 851 3898 rigiditate
883 3807 925 3874 et
949 3793 1159 3878 imminuta
1179 3793 1446 3880 irritabilitate
1464 3787 1657 3876 ¹fibrarum
1679 3808 1783 3876 arte·

245 3924 325 4008 riae
346 3927 648 4016 muscularium.

286 4064 435 4148 ‚Inciso
464 4069 704 4174 abdomine,
732 4078 949 4182 apparebat
966 4097 1186 4165 omentum
1216 4105 1414 4190 parvum,
1453 4083 1643 4164 intestina
1669 4097 1781 4160 erant

235 4221 474 4314 contracta,
508 4215 727 4318 praecipue
765 4219 1002 4304 intestinum
1037 4225 1184 4324 colon,
1216 4222 1326 4327 quod
1359 4221 1478 4323 digiti
1505 4221 1660 4304 minimi
1698 4217 1799 4298 diam

245 4352 776 4463 metnam'vixbrperabat3
794 4359 907 4446 vasa
942 4359 1165 4468 sanguisera
1198 4365 1257 4444 in·
1284 4360 1486 4444 intestinis
1507 4381 1529 4436 a
1552 4374 1665 4462 parte
1694 4378 1780 4440 me·
1894 4439 1898 4444 .

245 4485 409 4610 senterii
436 4513 591 4597 pauca,
620 4496 667 4579 in
684 4513 812 4606 'parte
843 4501 1087 4588 mesenterio
1129 4500 1313 4610 opposita
1341 4500 1449 4582 nulla
1480 4496 1780 4604 conspicieban-

245 4645 341 4734 tur,
368 4628 565 4738 dispersae
580 4659 659 4746 per
677 4639 968 4730 mesenterium
1004 4644 1211 4753 glandulae
1243 4659 1358 4725 erant
1384 4640 1430 4722 in
1454 4639 1586 4722 minus
1607 4634 1778 4743 spatium

183 4829 189 4836 -
235 4785 473 4870 metae
488 4790 531 4858 et
543 4773 760 4886 sociam
778 4805 897 4890 quam
907 4785 1066 4892 sulcata
1093 4809 1178 4874 uon
1194 4807 1297 4874 vero
1315 4779 1532 4876 indruatae.
1561 4771 1797 4866 Ventricu'

1529 4945 1559 5026 9
