4774 6330
390 495 401 519 ι
532 447 1634 584 ‘Fascicunusseeuunuu
1748 456 1817 558 4

573 923 1512 1022 Expnlcn‘rto

623 1238 1275 1326 -TABULAR
1362 1239 1433 1325 IX.

325 1589 402 1652 aaa
435 1571 601 1680 Larynx
635 1587 874 1679 camparte
911 1569 1116 1678 superiore
1151 1591 1312 1676 asperae
1345 1571 1537 1686 arteriae,
1570 1569 1679 1656 fibris
1709 1573 1817 1678 quasi

491 1711 696 1795 tendineis
719 1729 849 1815 tecta,
867 1714 1012 1816 quibus
1035 1711 1228 1794 cohaeret
1249 1733 1342 1794 cum
1360 1708 1542 1816 glandula
1561 1711 1812 1820 thyrioidea,

487 1850 760 1958 magnitudine
790 1875 904 1936 aucta
935 1870 980 1936 et
1009 1851 1205 1938 indurata.
1478 1859 1482 1868 '

380 1990 405 2070 b
435 1991 657 2078 Giandulae
685 1992 943 2098 thyrioideae
975 2019 1066 2104 pars
1082 1993 1244 2101 dextra.

384 2157 406 2212 c
433 2133 627 2240 Ejusdem
657 2157 748 2240 pars
777 2134 931 2220 sinistra
959 2131 1148 2244 superior.
1325 2154 1329 2166 ·

378 2277 526 2360 dPars
562 2275 792 2385 oesophagi.

384 2420 572 2512 reortio
596 2417 758 2502 dextrae
779 2421 902 2525 partis
933 2418 1080 2523 incisa,
1110 2441 1156 2506 ut
1178 2412 1345 2504 interior
1369 2417 1581 2505 substantia
1604 2435 1815 2526 appareat,

490 2582 593 2664 quae
629 2580 691 2642 est
725 2559 924 2646 durissima
956 2561 1075 2646 instar
1110 2564 1259 2647 scirrhi.

373 2693 414 2806 -s
432 2699 621 2782 Sinistrae
651 2701 826 2806 integrae
861 2727 949 2808 pars
979 2703 1159 2790 inferior.

668 3027 1288 3114 TABULAE.
1374 3027 1424 3112 X.

322 3370 519 3478 Ejusdem
554 3369 785 3478 speciminis
822 3362 953 3448 facies
989 3365 1215 3468 posterior.

374 3533 401 3592 a
430 3511 665 3620 Epiglottis.

377 3649 403 3732 b
434 3651 555 3738 Rima
595 3648 789 3760 glottidis.
1422 3725 1423 3730 a

317 3817 404 3878 cccc
432 3793 634 3880 Ceilulosa
658 3795 740 3878 tela
765 3791 972 3896 indurata,
993 3808 1145 3909 tenax,
1164 3782 1215 3867 ad
1241 3803 1405 3868 ornnem
1425 3783 1599 3886 laryngis
1622 3770 1811 3868 ambitum

487 3935 721 4020 adhaerens.

345 4079 403 4162 dd
425 4077 654 4165 Glandulae
683 4075 936 4183 thyrioideae
965 4092 1100 4182 partes
1133 4073 1392 4179 posteriores.
1441 4153 1445 4160 ,

381 4243 403 4299 e
428 4221 523 4305 Pars
554 4219 708 4306 sinistra
738 4220 917 4322 integra,
943 4221 1067 4300 etiam
1095 4213 1301 4297 durissima
1334 4227 1376 4288 et
1407 4205 1503 4289 satis
1522 4202 1766 4308 aequabilis„

369 4361 519 4466 jPars
549 4361 684 4446 dextra
717 4355 1029 4463 inaequabilior,
1048 4358 1092 4438 in
1124 4373 1202 4458 qua
1225 4346 1363 4432 incisio
1386 4341 1494 4426 saeta
1522 4359 1609 4444 est,
1627 4357 1672 4426 ut
1705 4345 1809 4426 inte·

487 4506 569 4588 rior
591 4499 804 4586 substantia
832 4497 930 4588 dura
960 4511 1156 4606 appareat.

369 4667 401 4752 g
428 4639 606 4733 Inferior
628 4646 830 4751 portionis
859 4638 1079 4750 oesophagi
1097 4658 1209 4745 pars,
1240 4627 1433 4714 incisione
1458 4642 1612 4738 aperta,
1638 4637 1684 4708 ut
1708 4618 1812 4708 sum·

360 4819 372 4858 ι
485 4807 563 4872 ma.
582 4788 763 4892 angustia
794 4782 911 4891 httjus
937 4779 1090 4868 ,oannis
1118 4789 1314 4884 appareat.
