<?xml version="1.0" encoding="UTF-8"?>
<!DOCTYPE html PUBLIC "-//W3C//DTD XHTML 1.0 Transitional//EN"
    "http://www.w3.org/TR/xhtml1/DTD/xhtml1-transitional.dtd">
<html xmlns="http://www.w3.org/1999/xhtml" xml:lang="en" lang="en">
 <head>
  <title>
</title>
<meta http-equiv="Content-Type" content="text/html;charset=utf-8" />
  <meta name='ocr-system' content='tesseract 3.04.00' />
  <meta name='ocr-capabilities' content='ocr_page ocr_carea ocr_par ocr_line ocrx_word'/>
</head>
<body>
  <div class='ocr_page' id='page_1' title='image "./iconesanatomico01bleugoog_0087.png"; bbox 0 0 4794 6348; ppageno 0'>
   <div class='ocr_carea' id='block_1_1' title="bbox 575 418 1993 524">
    <p class='ocr_par' dir='ltr' id='par_1_1' title="bbox 575 418 1993 524">
     <span class='ocr_line' id='line_1_1' title="bbox 575 418 1993 524; baseline -0.006 0"><span class='ocrx_word' id='word_1_1' title='bbox 575 441 625 524; x_wconf 84' lang='lat'>80&#39;</span> <span class='ocrx_word' id='word_1_2' title='bbox 723 437 966 523; x_wconf 76' lang='lat' dir='ltr'>icouou</span> <span class='ocrx_word' id='word_1_3' title='bbox 1007 418 1993 516; x_wconf 77' lang='lat' dir='ltr'>Aunaoarreo·Pnruor.oorotaurr</span> 
     </span>
    </p>
   </div>
   <div class='ocr_carea' id='block_1_2' title="bbox 560 617 2112 4866">
    <p class='ocr_par' dir='ltr' id='par_1_2' title="bbox 567 617 2112 907">
     <span class='ocr_line' id='line_1_2' title="bbox 568 617 2112 767; baseline -0.008 -23"><span class='ocrx_word' id='word_1_4' title='bbox 568 678 744 745; x_wconf 82' lang='lat' dir='ltr'>attamen</span> <span class='ocrx_word' id='word_1_5' title='bbox 774 617 942 767; x_wconf 82' lang='lat' dir='ltr'>durities</span> <span class='ocrx_word' id='word_1_6' title='bbox 971 653 1073 735; x_wconf 90' lang='lat' dir='ltr'>haee</span> <span class='ocrx_word' id='word_1_7' title='bbox 1099 647 1199 729; x_wconf 86' lang='lat' dir='ltr'>tanti</span> <span class='ocrx_word' id='word_1_8' title='bbox 1231 659 1316 724; x_wconf 90' lang='lat' dir='ltr'>erat</span> <span class='ocrx_word' id='word_1_9' title='bbox 1346 645 1571 750; x_wconf 88' lang='lat' dir='ltr'><strong>momenti,</strong></span> <span class='ocrx_word' id='word_1_10' title='bbox 1600 664 1647 730; x_wconf 94' lang='lat' dir='ltr'>ut</span> <span class='ocrx_word' id='word_1_11' title='bbox 1682 646 1764 733; x_wconf 82' lang='lat' dir='ltr'>sola</span> <span class='ocrx_word' id='word_1_12' title='bbox 1800 645 2023 736; x_wconf 83' lang='lat' dir='ltr'>suffecisset</span> <span class='ocrx_word' id='word_1_13' title='bbox 2053 649 2112 733; x_wconf 88' lang='lat' dir='ltr'>ad</span> 
     </span>
     <span class='ocr_line' id='line_1_3' title="bbox 567 780 1410 907; baseline -0.017 -25"><span class='ocrx_word' id='word_1_14' title='bbox 567 800 843 907; x_wconf 88' lang='lat' dir='ltr'>depuisronem</span> <span class='ocrx_word' id='word_1_15' title='bbox 878 794 1064 876; x_wconf 85' lang='lat' dir='ltr'>ciborum</span> <span class='ocrx_word' id='word_1_16' title='bbox 1096 780 1410 891; x_wconf 86' lang='lat' dir='ltr'><strong>impediendam.</strong></span> 
     </span>
    </p>

    <p class='ocr_par' dir='ltr' id='par_1_3' title="bbox 560 925 2109 4866">
     <span class='ocr_line' id='line_1_4' title="bbox 626 925 2109 1044; baseline -0.015 -23"><span class='ocrx_word' id='word_1_17' title='bbox 626 939 692 1022; x_wconf 84' lang='lat' dir='ltr'>Sic</span> <span class='ocrx_word' id='word_1_18' title='bbox 720 961 786 1021; x_wconf 89' lang='lat' dir='ltr'>me</span> <span class='ocrx_word' id='word_1_19' title='bbox 810 937 891 1044; x_wconf 83' lang='lat' dir='ltr'>jam</span> <span class='ocrx_word' id='word_1_20' title='bbox 912 933 1002 1017; x_wconf 88' lang='lat' dir='ltr'>satis</span> <span class='ocrx_word' id='word_1_21' title='bbox 1027 934 1071 1012; x_wconf 92' lang='lat' dir='ltr'>in</span> <span class='ocrx_word' id='word_1_22' title='bbox 1095 931 1230 1010; x_wconf 90' lang='lat' dir='ltr'>omnia</span> <span class='ocrx_word' id='word_1_23' title='bbox 1254 925 1504 1030; x_wconf 78' lang='lat' dir='ltr'>inquisivisse</span> <span class='ocrx_word' id='word_1_24' title='bbox 1532 931 1743 1037; x_wconf 88' lang='lat' dir='ltr'>putabam,</span> <span class='ocrx_word' id='word_1_25' title='bbox 1764 955 1988 1039; x_wconf 81' lang='lat' dir='ltr'>omnesque</span> <span class='ocrx_word' id='word_1_26' title='bbox 2018 959 2109 1041; x_wconf 65' lang='lat' dir='ltr'>par.</span> 
     </span>
     <span class='ocr_line' id='line_1_5' title="bbox 568 1067 2102 1178; baseline -0.007 -14"><span class='ocrx_word' id='word_1_27' title='bbox 568 1103 629 1166; x_wconf 89' lang='lat' dir='ltr'>tes</span> <span class='ocrx_word' id='word_1_28' title='bbox 656 1076 920 1178; x_wconf 84' lang='lat' dir='ltr'>examinasse,</span> <span class='ocrx_word' id='word_1_29' title='bbox 962 1094 1062 1178; x_wconf 87' lang='lat' dir='ltr'>quae</span> <span class='ocrx_word' id='word_1_30' title='bbox 1099 1093 1153 1152; x_wconf 87' lang='lat' dir='ltr'>ex</span> <span class='ocrx_word' id='word_1_31' title='bbox 1183 1070 1353 1152; x_wconf 87' lang='lat' dir='ltr'>historia</span> <span class='ocrx_word' id='word_1_32' title='bbox 1383 1067 1515 1154; x_wconf 88' lang='lat' dir='ltr'>morbi</span> <span class='ocrx_word' id='word_1_33' title='bbox 1547 1071 1646 1154; x_wconf 91' lang='lat' dir='ltr'>mihi</span> <span class='ocrx_word' id='word_1_34' title='bbox 1676 1071 1959 1156; x_wconf 82' lang='lat' dir='ltr'>examinandae</span> <span class='ocrx_word' id='word_1_35' title='bbox 1991 1073 2102 1156; x_wconf 91' lang='lat' dir='ltr'>vide·</span> 
     </span>
     <span class='ocr_line' id='line_1_6' title="bbox 566 1195 2100 1323; baseline -0.004 -19"><span class='ocrx_word' id='word_1_36' title='bbox 566 1239 727 1319; x_wconf 87' lang='lat' dir='ltr'>rentur;</span> <span class='ocrx_word' id='word_1_37' title='bbox 755 1241 879 1323; x_wconf 90' lang='lat' dir='ltr'>quum</span> <span class='ocrx_word' id='word_1_38' title='bbox 912 1237 1015 1298; x_wconf 90' lang='lat' dir='ltr'>vero</span> <span class='ocrx_word' id='word_1_39' title='bbox 1043 1211 1224 1296; x_wconf 81' lang='lat' dir='ltr'>arteriam</span> <span class='ocrx_word' id='word_1_40' title='bbox 1254 1229 1406 1294; x_wconf 88' lang='lat' dir='ltr'>aortam</span> <span class='ocrx_word' id='word_1_41' title='bbox 1441 1195 1577 1318; x_wconf 79' lang='lat' dir='ltr'>digitis</span> <span class='ocrx_word' id='word_1_42' title='bbox 1605 1211 1822 1318; x_wconf 86' lang='lat' dir='ltr'>sentirem,</span> <span class='ocrx_word' id='word_1_43' title='bbox 1870 1217 1968 1299; x_wconf 89' lang='lat' dir='ltr'>haee</span> <span class='ocrx_word' id='word_1_44' title='bbox 2001 1217 2100 1298; x_wconf 91' lang='lat' dir='ltr'>mihi</span> 
     </span>
     <span class='ocr_line' id='line_1_7' title="bbox 567 1347 2104 1464; baseline -0.003 -18"><span class='ocrx_word' id='word_1_45' title='bbox 567 1365 695 1446; x_wconf 85' lang='lat' dir='ltr'>multo</span> <span class='ocrx_word' id='word_1_46' title='bbox 732 1361 855 1464; x_wconf 84' lang='lat' dir='ltr'>magis</span> <span class='ocrx_word' id='word_1_47' title='bbox 895 1359 1095 1457; x_wconf 87' lang='lat' dir='ltr'>renitens,</span> <span class='ocrx_word' id='word_1_48' title='bbox 1125 1373 1244 1458; x_wconf 86' lang='lat' dir='ltr'>quam</span> <span class='ocrx_word' id='word_1_49' title='bbox 1273 1352 1318 1432; x_wconf 92' lang='lat' dir='ltr'>in</span> <span class='ocrx_word' id='word_1_50' title='bbox 1349 1347 1444 1433; x_wconf 88' lang='lat' dir='ltr'>sano</span> <span class='ocrx_word' id='word_1_51' title='bbox 1470 1349 1571 1437; x_wconf 83' lang='lat' dir='ltr'>statu</span> <span class='ocrx_word' id='word_1_52' title='bbox 1594 1353 1680 1439; x_wconf 83' lang='lat' dir='ltr'>esse</span> <span class='ocrx_word' id='word_1_53' title='bbox 1711 1353 1840 1460; x_wconf 90' lang='lat' dir='ltr'>solet,</span> <span class='ocrx_word' id='word_1_54' title='bbox 1869 1355 2104 1462; x_wconf 88' lang='lat' dir='ltr'>apparebat;</span> 
     </span>
     <span class='ocr_line' id='line_1_8' title="bbox 566 1491 2103 1599; baseline -0.005 -15"><span class='ocrx_word' id='word_1_55' title='bbox 566 1502 788 1585; x_wconf 85' lang='lat' dir='ltr'>examinare</span> <span class='ocrx_word' id='word_1_56' title='bbox 818 1495 912 1582; x_wconf 88' lang='lat' dir='ltr'>ideo</span> <span class='ocrx_word' id='word_1_57' title='bbox 941 1495 1045 1578; x_wconf 90' lang='lat' dir='ltr'>hane</span> <span class='ocrx_word' id='word_1_58' title='bbox 1074 1511 1227 1598; x_wconf 89' lang='lat' dir='ltr'>partem</span> <span class='ocrx_word' id='word_1_59' title='bbox 1256 1491 1498 1599; x_wconf 83' lang='lat' dir='ltr'>pergebam,</span> <span class='ocrx_word' id='word_1_60' title='bbox 1536 1517 1587 1578; x_wconf 89' lang='lat' dir='ltr'>an</span> <span class='ocrx_word' id='word_1_61' title='bbox 1612 1493 1720 1581; x_wconf 85' lang='lat' dir='ltr'>forte</span> <span class='ocrx_word' id='word_1_62' title='bbox 1747 1500 1815 1582; x_wconf 91' lang='lat' dir='ltr'>hie</span> <span class='ocrx_word' id='word_1_63' title='bbox 1843 1503 1910 1580; x_wconf 88' lang='lat' dir='ltr'>vel</span> <span class='ocrx_word' id='word_1_64' title='bbox 1949 1499 2033 1582; x_wconf 91' lang='lat' dir='ltr'>illic</span> <span class='ocrx_word' id='word_1_65' title='bbox 2061 1503 2103 1579; x_wconf 93' lang='lat' dir='ltr'>in</span> 
     </span>
     <span class='ocr_line' id='line_1_9' title="bbox 565 1633 2100 1742; baseline -0.007 -15"><span class='ocrx_word' id='word_1_66' title='bbox 565 1643 716 1730; x_wconf 89' lang='lat' dir='ltr'>osseam</span> <span class='ocrx_word' id='word_1_67' title='bbox 749 1660 925 1724; x_wconf 87' lang='lat' dir='ltr'>naturam</span> <span class='ocrx_word' id='word_1_68' title='bbox 959 1635 1065 1720; x_wconf 83' lang='lat' dir='ltr'>esset</span> <span class='ocrx_word' id='word_1_69' title='bbox 1092 1651 1265 1736; x_wconf 83' lang='lat' dir='ltr'>mutata3</span> <span class='ocrx_word' id='word_1_70' title='bbox 1307 1634 1420 1739; x_wconf 92' lang='lat' dir='ltr'>quod</span> <span class='ocrx_word' id='word_1_71' title='bbox 1459 1633 1623 1742; x_wconf 89' lang='lat' dir='ltr'>quidem</span> <span class='ocrx_word' id='word_1_72' title='bbox 1654 1659 1739 1719; x_wconf 91' lang='lat' dir='ltr'>non</span> <span class='ocrx_word' id='word_1_73' title='bbox 1769 1641 1824 1719; x_wconf 89' lang='lat' dir='ltr'>ita</span> <span class='ocrx_word' id='word_1_74' title='bbox 1853 1634 2006 1721; x_wconf 88' lang='lat' dir='ltr'>factum</span> <span class='ocrx_word' id='word_1_75' title='bbox 2038 1640 2100 1720; x_wconf 92' lang='lat' dir='ltr'>vi-</span> 
     </span>
     <span class='ocr_line' id='line_1_10' title="bbox 566 1773 2104 1886; baseline -0.005 -15"><span class='ocrx_word' id='word_1_76' title='bbox 566 1786 763 1886; x_wconf 85' lang='lat' dir='ltr'>debatur,</span> <span class='ocrx_word' id='word_1_77' title='bbox 783 1778 881 1885; x_wconf 91' lang='lat' dir='ltr'>sed,</span> <span class='ocrx_word' id='word_1_78' title='bbox 912 1777 1023 1886; x_wconf 94' lang='lat' dir='ltr'>quod</span> <span class='ocrx_word' id='word_1_79' title='bbox 1044 1773 1260 1872; x_wconf 88' lang='lat' dir='ltr'>admodum</span> <span class='ocrx_word' id='word_1_80' title='bbox 1283 1777 1475 1882; x_wconf 88' lang='lat' dir='ltr'>mirabar,</span> <span class='ocrx_word' id='word_1_81' title='bbox 1503 1803 1589 1863; x_wconf 92' lang='lat' dir='ltr'>non</span> <span class='ocrx_word' id='word_1_82' title='bbox 1615 1779 1687 1864; x_wconf 89' lang='lat' dir='ltr'>nisr</span> <span class='ocrx_word' id='word_1_83' title='bbox 1711 1782 1877 1863; x_wconf 87' lang='lat' dir='ltr'>unicum</span> <span class='ocrx_word' id='word_1_84' title='bbox 1899 1801 2039 1864; x_wconf 86' lang='lat' dir='ltr'>renem</span> <span class='ocrx_word' id='word_1_85' title='bbox 2059 1783 2104 1864; x_wconf 88' lang='lat' dir='ltr'>io</span> 
     </span>
     <span class='ocr_line' id='line_1_11' title="bbox 564 1917 2099 2027; baseline -0.008 -12"><span class='ocrx_word' id='word_1_86' title='bbox 564 1931 721 2014; x_wconf 80' lang='lat' dir='ltr'>sinistro</span> <span class='ocrx_word' id='word_1_87' title='bbox 747 1929 870 2008; x_wconf 88' lang='lat' dir='ltr'>latere</span> <span class='ocrx_word' id='word_1_88' title='bbox 897 1921 1151 2027; x_wconf 82' lang='lat' dir='ltr'>detegebarn3</span> <span class='ocrx_word' id='word_1_89' title='bbox 1179 1917 1320 2003; x_wconf 86' lang='lat' dir='ltr'>sustuli</span> <span class='ocrx_word' id='word_1_90' title='bbox 1342 1943 1436 2026; x_wconf 89' lang='lat' dir='ltr'>ergo</span> <span class='ocrx_word' id='word_1_91' title='bbox 1457 1919 1677 2027; x_wconf 85' lang='lat' dir='ltr'>prudenter</span> <span class='ocrx_word' id='word_1_92' title='bbox 1700 1925 1824 2006; x_wconf 88' lang='lat' dir='ltr'>telam</span> <span class='ocrx_word' id='word_1_93' title='bbox 1846 1917 2099 2022; x_wconf 88' lang='lat' dir='ltr'>cellulosam,</span> 
     </span>
     <span class='ocr_line' id='line_1_12' title="bbox 563 2061 2100 2176; baseline -0.005 -24"><span class='ocrx_word' id='word_1_94' title='bbox 563 2092 663 2176; x_wconf 90' lang='lat' dir='ltr'>quae</span> <span class='ocrx_word' id='word_1_95' title='bbox 691 2085 865 2176; x_wconf 84' lang='lat' dir='ltr'>aortam,</span> <span class='ocrx_word' id='word_1_96' title='bbox 894 2064 986 2150; x_wconf 87' lang='lat' dir='ltr'>vasa</span> <span class='ocrx_word' id='word_1_97' title='bbox 1018 2065 1167 2146; x_wconf 88' lang='lat' dir='ltr'>renalia</span> <span class='ocrx_word' id='word_1_98' title='bbox 1198 2079 1240 2145; x_wconf 91' lang='lat' dir='ltr'>et</span> <span class='ocrx_word' id='word_1_99' title='bbox 1269 2085 1414 2165; x_wconf 85' lang='lat' dir='ltr'>renes,</span> <span class='ocrx_word' id='word_1_100' title='bbox 1443 2065 1629 2171; x_wconf 89' lang='lat' dir='ltr'>tegebat,</span> <span class='ocrx_word' id='word_1_101' title='bbox 1665 2082 1788 2168; x_wconf 88' lang='lat' dir='ltr'>atque</span> <span class='ocrx_word' id='word_1_102' title='bbox 1818 2063 1919 2146; x_wconf 86' lang='lat' dir='ltr'>haee</span> <span class='ocrx_word' id='word_1_103' title='bbox 1951 2061 2100 2147; x_wconf 86' lang='lat' dir='ltr'>dissec-</span> 
     </span>
     <span class='ocr_line' id='line_1_13' title="bbox 563 2201 2103 2317; baseline -0.003 -25"><span class='ocrx_word' id='word_1_104' title='bbox 563 2217 650 2315; x_wconf 91' lang='lat' dir='ltr'>tio,</span> <span class='ocrx_word' id='word_1_105' title='bbox 693 2227 852 2317; x_wconf 91' lang='lat' dir='ltr'>praeter</span> <span class='ocrx_word' id='word_1_106' title='bbox 904 2205 1019 2312; x_wconf 90' lang='lat' dir='ltr'>supra</span> <span class='ocrx_word' id='word_1_107' title='bbox 1064 2222 1309 2310; x_wconf 86' lang='lat' dir='ltr'>memorata,</span> <span class='ocrx_word' id='word_1_108' title='bbox 1384 2205 1514 2288; x_wconf 86' lang='lat' dir='ltr'>adhuc</span> <span class='ocrx_word' id='word_1_109' title='bbox 1563 2205 1665 2288; x_wconf 91' lang='lat' dir='ltr'>haee</span> <span class='ocrx_word' id='word_1_110' title='bbox 1716 2220 1938 2288; x_wconf 89' lang='lat' dir='ltr'>memoratu</span> <span class='ocrx_word' id='word_1_111' title='bbox 1983 2201 2103 2310; x_wconf 83' lang='lat' dir='ltr'>digna</span> 
     </span>
     <span class='ocr_line' id='line_1_14' title="bbox 565 2345 2106 2457; baseline -0.002 -25"><span class='ocrx_word' id='word_1_112' title='bbox 565 2347 853 2457; x_wconf 83' lang='lat' dir='ltr'>conspicienda</span> <span class='ocrx_word' id='word_1_113' title='bbox 888 2347 1086 2432; x_wconf 85' lang='lat' dir='ltr'>exhibuit.</span> <span class='ocrx_word' id='word_1_114' title='bbox 1144 2349 1346 2432; x_wconf 88' lang='lat' dir='ltr'>Arteriam</span> <span class='ocrx_word' id='word_1_115' title='bbox 1375 2347 1525 2432; x_wconf 84' lang='lat' dir='ltr'>aortam</span> <span class='ocrx_word' id='word_1_116' title='bbox 1554 2348 1812 2435; x_wconf 90' lang='lat' dir='ltr'>inveniebam</span> <span class='ocrx_word' id='word_1_117' title='bbox 1840 2345 2106 2453; x_wconf 87' lang='lat' dir='ltr'>quodammo-</span> 
     </span>
     <span class='ocr_line' id='line_1_15' title="bbox 565 2486 2102 2600; baseline -0.006 -22"><span class='ocrx_word' id='word_1_118' title='bbox 565 2492 620 2578; x_wconf 89' lang='lat' dir='ltr'>do</span> <span class='ocrx_word' id='word_1_119' title='bbox 648 2490 890 2596; x_wconf 84' lang='lat' dir='ltr'>indumtam,</span> <span class='ocrx_word' id='word_1_120' title='bbox 920 2514 944 2572; x_wconf 85' lang='lat' dir='ltr'>a</span> <span class='ocrx_word' id='word_1_121' title='bbox 971 2509 1082 2598; x_wconf 89' lang='lat' dir='ltr'>parte</span> <span class='ocrx_word' id='word_1_122' title='bbox 1108 2492 1262 2575; x_wconf 88' lang='lat' dir='ltr'>linistra</span> <span class='ocrx_word' id='word_1_123' title='bbox 1295 2489 1346 2573; x_wconf 88' lang='lat' dir='ltr'>ad</span> <span class='ocrx_word' id='word_1_124' title='bbox 1376 2494 1576 2600; x_wconf 82' lang='lat' dir='ltr'>originem</span> <span class='ocrx_word' id='word_1_125' title='bbox 1601 2490 1767 2574; x_wconf 86' lang='lat' dir='ltr'>arteriae</span> <span class='ocrx_word' id='word_1_126' title='bbox 1802 2490 2007 2572; x_wconf 84' lang='lat' dir='ltr'>coeliacae</span> <span class='ocrx_word' id='word_1_127' title='bbox 2036 2486 2102 2570; x_wconf 86' lang='lat' dir='ltr'>ad·</span> 
     </span>
     <span class='ocr_line' id='line_1_16' title="bbox 563 2631 2099 2742; baseline -0.001 -24"><span class='ocrx_word' id='word_1_128' title='bbox 563 2657 671 2718; x_wconf 85' lang='lat' dir='ltr'>nexa</span> <span class='ocrx_word' id='word_1_129' title='bbox 694 2631 767 2741; x_wconf 79' lang='lat' dir='ltr'>ipsi</span> <span class='ocrx_word' id='word_1_130' title='bbox 792 2631 960 2717; x_wconf 87' lang='lat' dir='ltr'>firmiter</span> <span class='ocrx_word' id='word_1_131' title='bbox 981 2650 1068 2716; x_wconf 88' lang='lat' dir='ltr'>erat</span> <span class='ocrx_word' id='word_1_132' title='bbox 1087 2633 1297 2740; x_wconf 85' lang='lat' dir='ltr'>glandula,</span> <span class='ocrx_word' id='word_1_133' title='bbox 1326 2637 1388 2718; x_wconf 93' lang='lat' dir='ltr'>uti</span> <span class='ocrx_word' id='word_1_134' title='bbox 1408 2631 1620 2718; x_wconf 89' lang='lat' dir='ltr'>videbatur</span> <span class='ocrx_word' id='word_1_135' title='bbox 1645 2634 1968 2737; x_wconf 74' lang='lat' dir='ltr'>conglomerata,</span> <span class='ocrx_word' id='word_1_136' title='bbox 1991 2653 2099 2742; x_wconf 87' lang='lat' dir='ltr'>mag·</span> 
     </span>
     <span class='ocr_line' id='line_1_17' title="bbox 563 2772 2102 2882; baseline 0 -24"><span class='ocrx_word' id='word_1_137' title='bbox 563 2800 641 2880; x_wconf 89' lang='lat' dir='ltr'>na,</span> <span class='ocrx_word' id='word_1_138' title='bbox 671 2775 897 2881; x_wconf 74' lang='lat' dir='ltr'>durissima,</span> <span class='ocrx_word' id='word_1_139' title='bbox 925 2772 1071 2882; x_wconf 89' lang='lat' dir='ltr'>figurae</span> <span class='ocrx_word' id='word_1_140' title='bbox 1109 2778 1334 2882; x_wconf 87' lang='lat' dir='ltr'>oblongae,</span> <span class='ocrx_word' id='word_1_141' title='bbox 1359 2773 1446 2859; x_wconf 89' lang='lat' dir='ltr'>fere</span> <span class='ocrx_word' id='word_1_142' title='bbox 1470 2777 1532 2861; x_wconf 92' lang='lat' dir='ltr'>uti</span> <span class='ocrx_word' id='word_1_143' title='bbox 1554 2776 1718 2880; x_wconf 83' lang='lat' dir='ltr'>thymus</span> <span class='ocrx_word' id='word_1_144' title='bbox 1749 2776 1795 2856; x_wconf 92' lang='lat' dir='ltr'>in</span> <span class='ocrx_word' id='word_1_145' title='bbox 1827 2794 1970 2856; x_wconf 88' lang='lat' dir='ltr'>reeens</span> <span class='ocrx_word' id='word_1_146' title='bbox 2000 2775 2102 2858; x_wconf 82' lang='lat' dir='ltr'>natio</span> 
     </span>
     <span class='ocr_line' id='line_1_18' title="bbox 563 2915 2103 3024; baseline 0 -24"><span class='ocrx_word' id='word_1_147' title='bbox 563 2915 651 3001; x_wconf 86' lang='lat' dir='ltr'>esse</span> <span class='ocrx_word' id='word_1_148' title='bbox 673 2915 805 3018; x_wconf 91' lang='lat' dir='ltr'>solet;</span> <span class='ocrx_word' id='word_1_149' title='bbox 834 2921 973 3000; x_wconf 85' lang='lat' dir='ltr'>arteria</span> <span class='ocrx_word' id='word_1_150' title='bbox 996 2919 1266 3003; x_wconf 87' lang='lat' dir='ltr'>mesenteriea</span> <span class='ocrx_word' id='word_1_151' title='bbox 1290 2915 1467 3024; x_wconf 87' lang='lat' dir='ltr'>superior</span> <span class='ocrx_word' id='word_1_152' title='bbox 1493 2935 1579 3002; x_wconf 84' lang='lat' dir='ltr'>erat</span> <span class='ocrx_word' id='word_1_153' title='bbox 1600 2922 1754 3024; x_wconf 87' lang='lat' dir='ltr'>ampla,</span> <span class='ocrx_word' id='word_1_154' title='bbox 1783 2920 1843 3001; x_wconf 89' lang='lat' dir='ltr'>uti</span> <span class='ocrx_word' id='word_1_155' title='bbox 1868 2933 1914 2998; x_wconf 92' lang='lat' dir='ltr'>et</span> <span class='ocrx_word' id='word_1_156' title='bbox 1934 2917 2103 3020; x_wconf 81' lang='lat' dir='ltr'>remiis,</span> 
     </span>
     <span class='ocr_line' id='line_1_19' title="bbox 563 3053 2102 3164; baseline 0.001 -26"><span class='ocrx_word' id='word_1_157' title='bbox 563 3077 665 3160; x_wconf 87' lang='lat' dir='ltr'>quae</span> <span class='ocrx_word' id='word_1_158' title='bbox 692 3056 885 3138; x_wconf 87' lang='lat' dir='ltr'>tendebat</span> <span class='ocrx_word' id='word_1_159' title='bbox 908 3054 960 3138; x_wconf 86' lang='lat' dir='ltr'>ad</span> <span class='ocrx_word' id='word_1_160' title='bbox 984 3081 1128 3142; x_wconf 88' lang='lat' dir='ltr'>renem</span> <span class='ocrx_word' id='word_1_161' title='bbox 1149 3059 1353 3142; x_wconf 85' lang='lat' dir='ltr'>srnistmm</span> <span class='ocrx_word' id='word_1_162' title='bbox 1380 3058 1655 3163; x_wconf 88' lang='lat' dir='ltr'>sanissrmum,</span> <span class='ocrx_word' id='word_1_163' title='bbox 1687 3061 1835 3164; x_wconf 86' lang='lat' dir='ltr'>cuique</span> <span class='ocrx_word' id='word_1_164' title='bbox 1860 3053 1994 3140; x_wconf 87' lang='lat' dir='ltr'>aderat</span> <span class='ocrx_word' id='word_1_165' title='bbox 2009 3079 2102 3140; x_wconf 89' lang='lat' dir='ltr'>ure·</span> 
     </span>
     <span class='ocr_line' id='line_1_20' title="bbox 567 3198 2102 3309; baseline 0.003 -31"><span class='ocrx_word' id='word_1_166' title='bbox 567 3216 631 3278; x_wconf 89' lang='lat' dir='ltr'>ter</span> <span class='ocrx_word' id='word_1_167' title='bbox 662 3199 852 3281; x_wconf 83' lang='lat' dir='ltr'>naturalis</span> <span class='ocrx_word' id='word_1_168' title='bbox 878 3198 1032 3281; x_wconf 88' lang='lat' dir='ltr'>habitus</span> <span class='ocrx_word' id='word_1_169' title='bbox 1059 3217 1102 3281; x_wconf 87' lang='lat' dir='ltr'>et</span> <span class='ocrx_word' id='word_1_170' title='bbox 1128 3200 1346 3304; x_wconf 79' lang='lat' dir='ltr'>crassitiei3</span> <span class='ocrx_word' id='word_1_171' title='bbox 1373 3200 1424 3282; x_wconf 84' lang='lat' dir='ltr'>ad</span> <span class='ocrx_word' id='word_1_172' title='bbox 1449 3200 1626 3286; x_wconf 89' lang='lat' dir='ltr'>dextram</span> <span class='ocrx_word' id='word_1_173' title='bbox 1656 3225 1756 3288; x_wconf 86' lang='lat' dir='ltr'>vero</span> <span class='ocrx_word' id='word_1_174' title='bbox 1789 3217 1946 3307; x_wconf 90' lang='lat' dir='ltr'>partem</span> <span class='ocrx_word' id='word_1_175' title='bbox 1969 3204 2102 3309; x_wconf 88' lang='lat' dir='ltr'>regio·</span> 
     </span>
     <span class='ocr_line' id='line_1_21' title="bbox 562 3337 2101 3448; baseline -0.001 -24"><span class='ocrx_word' id='word_1_176' title='bbox 562 3341 626 3424; x_wconf 82' lang='lat' dir='ltr'>nis</span> <span class='ocrx_word' id='word_1_177' title='bbox 656 3338 844 3421; x_wconf 86' lang='lat' dir='ltr'>lumbaris</span> <span class='ocrx_word' id='word_1_178' title='bbox 880 3337 982 3422; x_wconf 88' lang='lat' dir='ltr'>duae</span> <span class='ocrx_word' id='word_1_179' title='bbox 1012 3344 1220 3425; x_wconf 87' lang='lat' dir='ltr'>arteriolae</span> <span class='ocrx_word' id='word_1_180' title='bbox 1258 3343 1435 3448; x_wconf 85' lang='lat' dir='ltr'>renales,</span> <span class='ocrx_word' id='word_1_181' title='bbox 1475 3363 1528 3426; x_wconf 87' lang='lat' dir='ltr'>ex</span> <span class='ocrx_word' id='word_1_182' title='bbox 1562 3347 1705 3428; x_wconf 87' lang='lat' dir='ltr'>arteria</span> <span class='ocrx_word' id='word_1_183' title='bbox 1736 3357 1844 3422; x_wconf 87' lang='lat' dir='ltr'>aorta</span> <span class='ocrx_word' id='word_1_184' title='bbox 1875 3337 2101 3440; x_wconf 85' lang='lat' dir='ltr'>oriundae,</span> 
     </span>
     <span class='ocr_line' id='line_1_22' title="bbox 564 3475 2103 3594; baseline 0.001 -32"><span class='ocrx_word' id='word_1_185' title='bbox 564 3480 814 3594; x_wconf 88' lang='lat' dir='ltr'>tenuissrmae</span> <span class='ocrx_word' id='word_1_186' title='bbox 852 3475 1123 3585; x_wconf 86' lang='lat' dir='ltr'>procedebant</span> <span class='ocrx_word' id='word_1_187' title='bbox 1167 3503 1289 3586; x_wconf 84' lang='lat' dir='ltr'>atque</span> <span class='ocrx_word' id='word_1_188' title='bbox 1330 3487 1640 3568; x_wconf 87' lang='lat' dir='ltr'>terminabantur</span> <span class='ocrx_word' id='word_1_189' title='bbox 1671 3488 1717 3567; x_wconf 94' lang='lat' dir='ltr'>in</span> <span class='ocrx_word' id='word_1_190' title='bbox 1746 3505 1893 3588; x_wconf 79' lang='lat' dir='ltr'>corpus</span> <span class='ocrx_word' id='word_1_191' title='bbox 1932 3479 2103 3582; x_wconf 87' lang='lat' dir='ltr'>durum,</span> 
     </span>
     <span class='ocr_line' id='line_1_23' title="bbox 566 3620 2102 3729; baseline -0.003 -24"><span class='ocrx_word' id='word_1_192' title='bbox 566 3621 635 3705; x_wconf 87' lang='lat' dir='ltr'>sed</span> <span class='ocrx_word' id='word_1_193' title='bbox 665 3622 965 3729; x_wconf 88' lang='lat' dir='ltr'>planissrmum,</span> <span class='ocrx_word' id='word_1_194' title='bbox 993 3625 1142 3708; x_wconf 87' lang='lat' dir='ltr'>nullam</span> <span class='ocrx_word' id='word_1_195' title='bbox 1172 3620 1476 3708; x_wconf 88' lang='lat' dir='ltr'>srmilitudinem</span> <span class='ocrx_word' id='word_1_196' title='bbox 1503 3647 1596 3708; x_wconf 88' lang='lat' dir='ltr'>curn</span> <span class='ocrx_word' id='word_1_197' title='bbox 1628 3620 1760 3708; x_wconf 83' lang='lat' dir='ltr'>forma</span> <span class='ocrx_word' id='word_1_198' title='bbox 1791 3622 1897 3705; x_wconf 90' lang='lat' dir='ltr'>renis</span> <span class='ocrx_word' id='word_1_199' title='bbox 1932 3620 2102 3720; x_wconf 86' lang='lat' dir='ltr'>habens,</span> 
     </span>
     <span class='ocr_line' id='line_1_24' title="bbox 566 3759 2106 3872; baseline 0 -28"><span class='ocrx_word' id='word_1_200' title='bbox 566 3759 684 3846; x_wconf 86' lang='lat' dir='ltr'>instar</span> <span class='ocrx_word' id='word_1_201' title='bbox 710 3764 810 3846; x_wconf 89' lang='lat' dir='ltr'>corii</span> <span class='ocrx_word' id='word_1_202' title='bbox 851 3765 1097 3868; x_wconf 79' lang='lat' dir='ltr'>compressi,</span> <span class='ocrx_word' id='word_1_203' title='bbox 1144 3785 1195 3844; x_wconf 86' lang='lat' dir='ltr'>ex</span> <span class='ocrx_word' id='word_1_204' title='bbox 1233 3765 1347 3870; x_wconf 84' lang='lat' dir='ltr'>cujus</span> <span class='ocrx_word' id='word_1_205' title='bbox 1387 3783 1522 3849; x_wconf 90' lang='lat' dir='ltr'>tamen</span> <span class='ocrx_word' id='word_1_206' title='bbox 1548 3763 1742 3852; x_wconf 87' lang='lat' dir='ltr'>inferiore</span> <span class='ocrx_word' id='word_1_207' title='bbox 1779 3781 1891 3872; x_wconf 88' lang='lat' dir='ltr'>parte</span> <span class='ocrx_word' id='word_1_208' title='bbox 1917 3760 2106 3871; x_wconf 90' lang='lat' dir='ltr'>prodibat</span> 
     </span>
     <span class='ocr_line' id='line_1_25' title="bbox 566 3901 2098 4015; baseline -0.003 -27"><span class='ocrx_word' id='word_1_209' title='bbox 566 3921 702 3988; x_wconf 88' lang='lat' dir='ltr'>ureter</span> <span class='ocrx_word' id='word_1_210' title='bbox 727 3901 873 3986; x_wconf 88' lang='lat' dir='ltr'>crassus</span> <span class='ocrx_word' id='word_1_211' title='bbox 909 3925 952 3986; x_wconf 91' lang='lat' dir='ltr'>et</span> <span class='ocrx_word' id='word_1_212' title='bbox 982 3901 1233 4006; x_wconf 58' lang='lat' dir='ltr'>durissimum</span> <span class='ocrx_word' id='word_1_213' title='bbox 1285 3908 1515 4012; x_wconf 89' lang='lat' dir='ltr'>aperiebam</span> <span class='ocrx_word' id='word_1_214' title='bbox 1547 3929 1621 4013; x_wconf 91' lang='lat' dir='ltr'>per</span> <span class='ocrx_word' id='word_1_215' title='bbox 1659 3905 1955 4015; x_wconf 91' lang='lat' dir='ltr'>longitudinem</span> <span class='ocrx_word' id='word_1_216' title='bbox 1988 3903 2098 3986; x_wconf 89' lang='lat' dir='ltr'>hunc</span> 
     </span>
     <span class='ocr_line' id='line_1_26' title="bbox 564 4032 2101 4160; baseline 0.003 -37"><span class='ocrx_word' id='word_1_217' title='bbox 564 4059 791 4160; x_wconf 85' lang='lat' dir='ltr'>ureterem,</span> <span class='ocrx_word' id='word_1_218' title='bbox 834 4045 903 4148; x_wconf 90' lang='lat' dir='ltr'>qui</span> <span class='ocrx_word' id='word_1_219' title='bbox 930 4041 981 4125; x_wconf 93' lang='lat' dir='ltr'>ad</span> <span class='ocrx_word' id='word_1_220' title='bbox 1010 4045 1181 4129; x_wconf 78' lang='lat' dir='ltr'>vesicam</span> <span class='ocrx_word' id='word_1_221' title='bbox 1216 4048 1426 4132; x_wconf 86' lang='lat' dir='ltr'>urinariam</span> <span class='ocrx_word' id='word_1_222' title='bbox 1453 4073 1582 4154; x_wconf 88' lang='lat' dir='ltr'>usque</span> <span class='ocrx_word' id='word_1_223' title='bbox 1623 4047 1802 4131; x_wconf 88' lang='lat' dir='ltr'>eamdem</span> <span class='ocrx_word' id='word_1_224' title='bbox 1830 4045 2001 4132; x_wconf 85' lang='lat' dir='ltr'>formam</span> <span class='ocrx_word' id='word_1_225' title='bbox 2032 4032 2101 4128; x_wconf 79' lang='lat' dir='ltr'>lra-</span> 
     </span>
     <span class='ocr_line' id='line_1_27' title="bbox 563 4185 2100 4296; baseline -0.001 -26"><span class='ocrx_word' id='word_1_226' title='bbox 563 4185 705 4288; x_wconf 91' lang='lat' dir='ltr'>bebat,</span> <span class='ocrx_word' id='word_1_227' title='bbox 734 4202 856 4289; x_wconf 90' lang='lat' dir='ltr'>atque</span> <span class='ocrx_word' id='word_1_228' title='bbox 885 4187 930 4266; x_wconf 91' lang='lat' dir='ltr'>in</span> <span class='ocrx_word' id='word_1_229' title='bbox 953 4207 1047 4270; x_wconf 91' lang='lat' dir='ltr'>eum</span> <span class='ocrx_word' id='word_1_230' title='bbox 1073 4186 1276 4296; x_wconf 89' lang='lat' dir='ltr'>superiora</span> <span class='ocrx_word' id='word_1_231' title='bbox 1304 4189 1444 4276; x_wconf 81' lang='lat' dir='ltr'>versus</span> <span class='ocrx_word' id='word_1_232' title='bbox 1472 4186 1606 4276; x_wconf 86' lang='lat' dir='ltr'>stilum</span> <span class='ocrx_word' id='word_1_233' title='bbox 1629 4189 1773 4274; x_wconf 89' lang='lat' dir='ltr'>immisr</span> <span class='ocrx_word' id='word_1_234' title='bbox 1802 4187 2100 4290; x_wconf 88' lang='lat' dir='ltr'>tenuissrmum,</span> 
     </span>
     <span class='ocr_line' id='line_1_28' title="bbox 560 4309 2098 4439; baseline 0.003 -29"><span class='ocrx_word' id='word_1_235' title='bbox 560 4341 609 4410; x_wconf 89' lang='lat' dir='ltr'>ut</span> <span class='ocrx_word' id='word_1_236' title='bbox 635 4322 691 4407; x_wconf 86' lang='lat' dir='ltr'>lie</span> <span class='ocrx_word' id='word_1_237' title='bbox 720 4331 978 4431; x_wconf 86' lang='lat' dir='ltr'>pervenirem</span> <span class='ocrx_word' id='word_1_238' title='bbox 1010 4309 1068 4411; x_wconf 65' lang='lat' dir='ltr'>&#39;ad</span> <span class='ocrx_word' id='word_1_239' title='bbox 1103 4332 1268 4436; x_wconf 75' lang='lat' dir='ltr'>pltmum</span> <span class='ocrx_word' id='word_1_240' title='bbox 1300 4329 1403 4416; x_wconf 92' lang='lat' dir='ltr'>illud</span> <span class='ocrx_word' id='word_1_241' title='bbox 1449 4357 1614 4438; x_wconf 82' lang='lat' dir='ltr'>eorpus,</span> <span class='ocrx_word' id='word_1_242' title='bbox 1660 4329 1772 4439; x_wconf 93' lang='lat' dir='ltr'>quod</span> <span class='ocrx_word' id='word_1_243' title='bbox 1798 4330 1880 4438; x_wconf 85' lang='lat' dir='ltr'>jam</span> <span class='ocrx_word' id='word_1_244' title='bbox 1917 4327 2098 4437; x_wconf 78' lang='lat' dir='ltr'>perspexi</span> 
     </span>
     <span class='ocr_line' id='line_1_29' title="bbox 564 4461 2100 4575; baseline 0.001 -25"><span class='ocrx_word' id='word_1_245' title='bbox 564 4461 653 4550; x_wconf 87' lang='lat' dir='ltr'>esse</span> <span class='ocrx_word' id='word_1_246' title='bbox 686 4487 823 4550; x_wconf 89' lang='lat' dir='ltr'>renem</span> <span class='ocrx_word' id='word_1_247' title='bbox 852 4469 1107 4574; x_wconf 80' lang='lat' dir='ltr'>morbosom3</span> <span class='ocrx_word' id='word_1_248' title='bbox 1152 4474 1266 4557; x_wconf 91' lang='lat' dir='ltr'>nullo</span> <span class='ocrx_word' id='word_1_249' title='bbox 1295 4494 1431 4558; x_wconf 90' lang='lat' dir='ltr'>autem</span> <span class='ocrx_word' id='word_1_250' title='bbox 1469 4471 1593 4558; x_wconf 89' lang='lat' dir='ltr'>modo</span> <span class='ocrx_word' id='word_1_251' title='bbox 1624 4476 1789 4558; x_wconf 83' lang='lat' dir='ltr'>ulterius</span> <span class='ocrx_word' id='word_1_252' title='bbox 1819 4467 1955 4556; x_wconf 89' lang='lat' dir='ltr'>stilum</span> <span class='ocrx_word' id='word_1_253' title='bbox 1972 4471 2100 4575; x_wconf 87' lang='lat' dir='ltr'>potui</span> 
     </span>
     <span class='ocr_line' id='line_1_30' title="bbox 563 4601 2102 4721; baseline 0.004 -35"><span class='ocrx_word' id='word_1_254' title='bbox 563 4601 807 4717; x_wconf 87' lang='lat' dir='ltr'>perducere,</span> <span class='ocrx_word' id='word_1_255' title='bbox 841 4609 1038 4712; x_wconf 79' lang='lat' dir='ltr'>quemad</span> <span class='ocrx_word' id='word_1_256' title='bbox 1071 4609 1306 4699; x_wconf 87' lang='lat' dir='ltr'>inferiorem</span> <span class='ocrx_word' id='word_1_257' title='bbox 1340 4617 1444 4699; x_wconf 80' lang='lat' dir='ltr'>illius</span> <span class='ocrx_word' id='word_1_258' title='bbox 1484 4617 1661 4721; x_wconf 87' lang='lat' dir='ltr'>corporis</span> <span class='ocrx_word' id='word_1_259' title='bbox 1696 4614 1783 4699; x_wconf 93' lang='lat' dir='ltr'>duri</span> <span class='ocrx_word' id='word_1_260' title='bbox 1813 4631 1991 4721; x_wconf 88' lang='lat' dir='ltr'>partem,</span> <span class='ocrx_word' id='word_1_261' title='bbox 2026 4607 2102 4692; x_wconf 87' lang='lat' dir='ltr'>ubi</span> 
     </span>
     <span class='ocr_line' id='line_1_31' title="bbox 563 4744 2101 4866; baseline 0.002 -36"><span class='ocrx_word' id='word_1_262' title='bbox 563 4765 695 4830; x_wconf 83' lang='lat' dir='ltr'>coeco</span> <span class='ocrx_word' id='word_1_263' title='bbox 720 4744 802 4832; x_wconf 84' lang='lat' dir='ltr'>line</span> <span class='ocrx_word' id='word_1_264' title='bbox 834 4755 1141 4860; x_wconf 81' lang='lat' dir='ltr'>terminabatur3</span> <span class='ocrx_word' id='word_1_265' title='bbox 1169 4755 1434 4866; x_wconf 83' lang='lat' dir='ltr'>superiorem</span> <span class='ocrx_word' id='word_1_266' title='bbox 1466 4777 1604 4846; x_wconf 88' lang='lat' dir='ltr'>autem</span> <span class='ocrx_word' id='word_1_267' title='bbox 1644 4753 1760 4865; x_wconf 78' lang='lat' dir='ltr'>huius</span> <span class='ocrx_word' id='word_1_268' title='bbox 1799 4757 1909 4854; x_wconf 80' lang='lat' dir='ltr'>renio</span> <span class='ocrx_word' id='word_1_269' title='bbox 1943 4763 2101 4862; x_wconf 83' lang='lat' dir='ltr'>partem</span> 
     </span>
    </p>
   </div>
   <div class='ocr_carea' id='block_1_3' title="bbox 0 0 2402 6342">
    <p class='ocr_par' dir='ltr' id='par_1_4' title="bbox 0 0 2402 6342">
     <span class='ocr_line' id='line_1_32' title="bbox 0 0 2402 6342; baseline 0 0"><span class='ocrx_word' id='word_1_270' title='bbox 0 0 2402 6342; x_wconf 95' lang='lat' dir='ltr'> </span> 
     </span>
    </p>
   </div>
  </div>
 </body>
</html>
