4774 6330
590 471 1100 560 fasciculus
1157 475 1470 564 Paratus.
1761 513 1808 570 et

270 693 319 777 se*
352 691 605 802 distinguens
630 696 807 803 superest
831 694 885 778 fic
908 693 1017 780 dicta
1046 695 1494 806 pseudo-membrana,
1529 705 1612 788 sive
1629 741 1631 746 ·
1650 710 1813 814 lympha

269 837 529 942 coagulabilis
548 833 699 938 effusa,
729 842 871 941 inqua
894 836 1111 940 primordia
1137 849 1270 923 tamen
1293 844 1476 928 transitus
1501 847 1552 929 ad
1578 853 1703 954 magis
1725 873 1812 954 per-

267 977 423 1062 fectum
456 983 724 1086 organismum
758 982 930 1065 vasculis
958 983 1131 1064 minimis
1172 976 1536 1069 sesc'manifestant
1564 986 1644 1088 (ὓς
1671 994 1807 1094 quales

270 1126 392 1206 etiarn
419 1124 543 1228 magis
581 1117 788 1228 perfectae
825 1137 867 1202 et
896 1125 1068 1206 vasculis
1096 1127 1277 1230 plurimis
1319 1125 1398 1232 jam
1435 1109 1647 1215 instructae
1674 1152 1806 1238 partes

264 1265 411 1347 similes
447 1263 498 1344 ad
530 1282 686 1370 partem
718 1267 891 1348 maxime
927 1261 1166 1351 inferiorem
1194 1266 1310 1372 hujus
1343 1272 1525 1376 marginis
1553 1269 1808 1377 conspiciun-

263 1399 429 1499 tun-(²)

320 1546 481 1632 Similes
520 1547 672 1655 pseudo
687 1548 1035 1632 membranarum
1066 1568 1198 1655 partes
1233 1550 1419 1655 abruptae
1455 1559 1528 1660 per
1561 1554 1808 1661 superiorem

264 1687 519 1796 stapersrciem
535 1695 775 1774 exteriorem
794 1686 1026 1792 speciminis
1047 1714 1266 1799 apparent,
1298 1699 1340 1776 in
1366 1719 1443 1799 qua
1464 1697 1680 1802 primordia
1705 1704 1807 1782 novi

263 1835 500 1939 organismi‘,
526 1829 606 1937 jam
621 1835 764 1916 multo
788 1836 913 1938 magis
938 1829 1136 1938 perfecti,
1169 1831 1351 1916 vasorum
1378 1834 1601 1939 praesentia
1625 1836 1664 1918 se
1689 1863 1804 1950 mon-

263 1967 474 2056 statutis),
490 1971 572 2054 Hic
587 1977 706 2056 etiam
726 1977 940 2078 organismi
963 1975 1192 2081 progressus
1215 1980 1375 2082 egregie
1404 1995 1567 2085 apparet
1586 1984 1630 2062 in
1647 1975 1807 2085 superli-

263 2117 325 2195 cie
352 2113 516 2200 dimidia
532 2113 723 2198 inferiore
745 2113 1002 2222 speciminis,
1018 2118 1087 2197 ubi
1110 2111 1302 2200 villorum
1326 2123 1368 2198 in
1390 2117 1555 2202 modum
1573 2125 1807 2226 prominent

264 2261 506 2362 particulis,
537 2280 638 2360 quac
660 2255 1088 2363 pseudo-membranis,
1121 2265 1258 2362 quales
1275 2263 1317 2340 in
1339 2261 1654 2346 inflammatione
1675 2263 1807 2345 cordis

262 2395 404 2480 offusas
439 2402 690 2501 notavimus,
733 2396 862 2481 sonna
894 2399 1038 2484 similes
1070 2400 1190 2503 sunt,
1220 2399 1291 2483 scd
1317 2405 1490 2484 vasculis
1515 2402 1610 2508 jam·
1627 2381 1803 2510 plenissi-

259 2549 569 2647 maeappar'cnt
598 2537 683 2640 (4),
713 2545 819 2624 inter
852 2547 1071 2649 marginem
1097 2567 1203 2624 vcro·
1237 2542 1513 2649 superiorem,
1546 2544 1596 2626 de
1622 2551 1697 2650 q'ua
1724 2551 1803 2652 pri·
1856 2589 1859 2598 v

260 2708 328 2767 mo
362 2687 456 2766 loco
487 2681 644 2789 scripsi,
678 2701 722 2764 et
744 2684 846 2764 hane
882 2686 1091 2768 maxinaam
1121 2684 1349 2789 speciminis
1379 2683 1582 2766 morbosae
1618 2683 1805 2767 artificio-

261 2824 426 2942 sissimae
457 2843 640 2931 partem,
674 2827 852 2907 occurrit
878 2847 1040 2908 omnem
1069 2829 1358 2932 imaginationis
1391 2831 1478 2910 vim
1513 2825 1699 2934 superans
1732 2852 1800 2909 na-

262 2987 372 3050 turae
417 2967 725 3072 reproductivae
765 2967 1080 3069 documentum
1120 2987 1274 3072 praeter
1306 2965 1414 3051 strias
1458 2971 1594 3068 enim,
1625 2972 1800 3052 vasculis

258 3107 502 3212 plenissmus
531 3104 615 3210 (5),
648 3109 700 3188 ab
724 3109 803 3190 hoc
825 3114 1003 3214 margine
1028 3109 1336 3218 dependentes,
1363 3106 1635 3217 conspicimus
1657 3107 1799 3193 seriem

258 3250 416 3356 septem
434 3255 502 3333 vel
522 3271 620 3334 octo
646 3273 888 3358 corporum,
906 3275 928 3334 a
949 3249 1163 3352 vasculoso
1184 3257 1363 3357 margine
1388 3247 1729 3357 dependentium,
1759 3253 1802 3330 in

261 3392 407 3492 quibus
442 3397 486 3474 in
523 3395 718 3474 circulum
756 3391 840 3474 srbi¹
868 3397 1043 3479 invicem
1074 3393 1298 3500 adjacentia
1342 3390 1432 3476 vasa
1473 3392 1689 3474 decurrunt
1719 3387 1800 3492 (⁶);

259 3533 329 3616 sub
362 3533 475 3616 hisce
510 3537 608 3617 aliae
640 3556 782 3619 recens
810 3533 1064 3620 formatarum
1092 3530 1682 3619 membranoso·cellulosartm1
1712 3555 1800 3636 par·

259 3679 359 3757 tium
390 3673 539 3780 figurae
572 3693 812 3778 occurrunt,
851 3678 1056 3784 quaejam
1090 3676 1282 3782 majorem
1310 3675 1611 3759 consistentiam
1637 3672 1801 3778 acquisr-
1860 3711 1864 3716 ¹

257 3816 361 3898 visse
383 3816 573 3904 videntur
603 3811 686 3921 (7),
716 3817 810 3902 dum
832 3844 883 3903 ex
905 3819 1070 3905 dimidia
1092 3819 1284 3905 inforiore
1298 3801 1680 3924 partesemilunaris
1698 3821 1799 3896 ma'r-

261 3963 387 4064 ginis,
427 3983 512 4063 quo
546 3977 702 4044 textura
735 3958 922 4067 pseudo·
939 3965 1256 4046 membranarum
1295 3959 1491 4067 majorum
1534 3961 1796 4057 terminatur,

259 4098 474 4206 exsurgunt
502 4099 745 4186 coniformes
780 4121 909 4210 partes
941 4102 1178 4207 cellulosae,
1217 4107 1338 4186 etiam
1365 4095 1683 4183 artificiofissrmo
1709 4120 1798 4180 vas·

261 4245 442 4324 culorum
476 4249 519 4325 et
543 4249 802 4329 nervulorum
832 4251 1019 4352 apparatu
1051 4244 1278 4328 instructae.
1308 4237 1366 4320 (⁸)

321 4381 415 4466 Huc
460 4391 597 4488 usque
631 4383 827 4492 descripta
874 4391 1159 4494 phoenomena
1216 4403 1259 4466 et
1302 4383 1551 4481 varietates,
1617 4400 1692 4483 per
1739 4382 1801 4462 vi-

296 4711 355 4796 (1)
376 4713 453 4780 Vid.
479 4715 562 4785 Tab.
586 4719 644 4784 IV.
669 4717 737 4784 obl.
845 4717 903 4807 (a)
924 4717 1007 4786 Ibid.
1029 4739 1075 4785 cc.
1202 4715 1259 4803 (3)
1280 4711 1364 4782 Ibid.
1388 4709 1442 4778 dd.
1559 4709 1619 4797 (4)
1639 4706 1721 4778 ibid.
1745 4727 1789 4775 ee.

254 4829 313 4912 (5)
336 4828 415 4897 ibid·
433 4829 476 4914 ff·
601 4834 660 4920 (6)
681 4834 765 4901 Ibid.
786 4856 824 4922 g.
949 4835 1008 4922 (7)
1032 4833 1111 4904 lbid.
1136 4835 1169 4900 h.
1295 4827 1353 4917 (8)
1375 4824 1460 4896 1b1d.
1483 4829 1521 4894 ii.
