4774 6340
582 473 633 557 16
755 469 996 555 lcouou
1027 455 1997 552 Axurorliaco-:Parnocosrcnnom

579 694 674 777 dum
704 693 785 775 hoc
822 687 1065 792 delineatae,
1102 685 1152 769 ad
1186 687 1350 768 oculum
1384 677 1649 784 demonstrat,
1685 683 1794 765 unde
1827 700 1962 790 patet,
1989 705 2115 768 mern

574 838 735 917 branam
784 850 987 914 externam
1040 826 1242 934 pulmonis
1288 841 1472 925 tanquam
1518 845 1653 906 veram
1697 827 1862 928 pleurae
1908 829 2115 908 continua-

566 981 733 1059 ·cionern
777 971 892 1078 posse
935 968 1202 1070 considerari,
1247 984 1288 1047 et
1330 966 1425 1045 huic
1459 960 1676 1067 subjectam
1714 969 1910 1049 internam
1941 965 2113 1072 produci

581 1143 602 1198 a
630 1114 845 1218 cellulosa,
873 1109 955 1219 ipsa
980 1115 1220 1217 pulmonum
1251 1103 1342 1189 vasa
1369 1102 1590 1211 sanguisera
1623 1124 1664 1186 et
1704 1102 1876 1195 esrjfera
1908 1111 2113 1212 cingente.

580 1255 743 1340 Notatu
765 1273 899 1337 autem
922 1251 1086 1360 dignum
1111 1249 1296 1350 videtur,
1311 1251 1530 1336 ‚maximam
1555 1244 1669 1353 saepe
1693 1271 1757 1331 me
1786 1246 2012 1331 observasse
2040 1246 2116 1333 dis·

581 1398 817 1498 ferentiam,
847 1418 931 1476 non
957 1411 1111 1476 tantum
1138 1391 1367 1496 quantitatis
1391 1384 1539 1470 effusae
1559 1393 1682 1492 partis
1707 1385 1874 1470 fibrosae
1894 1388 2118 1496 sanguinis,

574 1561 677 1647 post
705 1541 1061 1624 inflammationem
1093 1538 1333 1638 pulmonum
1361 1527 1651 1628 transudatione
1681 1529 2123 1634 pseudo-membrana·

582 1709 669 1763 nun
698 1683 956 1779 terminatae,
997 1678 1287 1771 verumetiam
1319 1669 1464 1761 indolis
1503 1689 1544 1751 et
1583 1671 1861 1760 corrfrstentiae
1901 1672 2039 1754 harum
2075 1671 2120 1754 fi-

585 1824 763 1922 branam,
811 1825 866 1901 ita
914 1837 960 1900 ut
1004 1839 1289 1919 nonnunquam
1336 1807 1553 1896 admodum
1602 1830 1787 1895 tenacem
1836 1836 1990 1896 nexum
2036 1819 2122 1920 pul

586 1966 719 2044 monis
761 1985 853 2041 curn
895 1962 1034 2066 pleura
1080 1955 1388 2064 produxissent,
1424 1945 1496 2035 ¹et
1535 1955 1611 2035 hae
1645 1970 1777 2057 partes
1818 1954 1888 2034 vix
1922 1978 1943 2034 a
1980 1952 2022 2035 se
2064 1958 2123 2034 in·

586 2104 724 2184 vicem
777 2099 860 2181 sme
910 2099 1193 2181 dilaceratione
1243 2096 1412 2202 separari
1464 2091 1660 2200 possent,
1729 2093 1930 2176 interdum
1986 2117 2124 2184 natura

591 2247 635 2323 in
666 2238 805 2323 effusis
826 2241 950 2321 bisce
988 2237 1097 2319 fibris
1130 2241 1214 2320 virn
1262 2233 1586 2343 reproductivam
1627 2232 1729 2320 adeo
1762 2237 1972 2318 -valentem
2001 2239 2127 2322 exse„

591 2378 758 2484 ruisset,
818 2398 863 2461 ut
903 2403 1055 2461 novum
1088 2383 1363 2482 organismum
1409 2376 1508 2460 vasis
1553 2375 1794 2474 ditissimum
1838 2373 2123 2486 monstrarent,

589 2523 697 2606 haud
751 2544 837 2606 raro
887 2521 1011 2604 effusa
1058 2522 1244 2602 materies
1297 2537 1360 2600 est
1405 2537 1526 2600 tenax
1576 2515 1666 2598 satis
1720 2535 1762 2597 et
1816 2521 2041 2623 elastica,¹
2082 2545 2128 2607 ut

591 2682 724 2770 partes
769 2661 817 2741 ad
859 2659 954 2749 -satis
1008 2685 1188 2766 magnam
1243 2663 1468 2742 distantiam
1519 2660 1698 2739 invicem
1752 2658 1897 2741 deduci
1940 2664 2127 2768 possint,

596 2810 710 2910 quale
760 2802 967 2908 specimen
1014 2809 1215 2907 egregium
1259 2804 1379 2884 nobis
1434 2801 1620 2882 exhibuit
1669 2799 1736 2880 Ol.
1793 2801 1858 2884 M.
1909 2803 2129 2889 Baillie

592 2951 634 3028 io
666 2945 878 3050 splendido
917 2942 986 3024 suo
1015 2948 1140 3048 libro,
1168 2946 1247 3050 jam
1286 2965 1401 3024 antea
1430 2941 1600 3024 laudato.
1643 2940 1796 3024 Fascic.
1838 2943 1892 3027 ll.
1932 2939 2023 3028 sab.
2059 2949 2131 3032 lll.
2198 3031 2203 3044 ,

595 3081 679 3184 Fir.
710 3111 763 3187 33
805 3088 871 3165 cui
914 3085 1040 3168 srmile
1081 3084 1286 3189 speoimen
1334 3090 1455 3166 etiam
1497 3086 1541 3162 in
1579 3101 1718 3164 nostro
1762 3084 1899 3167 museo
1935 3086 2129 3173 servatur.

594 3221 826 3327 Aliquando
875 3247 976 3304 vero
1025 3226 1123 3305 haec
1171 3223 1382 3307 substantia
1439 3221 1562 3304 effusa
1608 3246 1693 3306 non
1739 3224 1841 3307 adeo
1883 3246 2002 3310 tenax
2038 3253 2131 3334 est,

596 3383 643 3446 ut
672 3364 974 3447 membranacea
1018 3365 1143 3468 possit
1194 3363 1301 3470 dici,
1358 3371 1540 3470 quamvis
1587 3365 1724 3470 majori
1764 3371 1884 3475 copia
1936 3373 2136 3456 transuda·

599 3524 662 3586 tae
702 3506 889 3610 lymphae
920 3526 1137 3612 congesta,
1177 3511 1237 3589 uti
1267 3508 1309 3587 in
1346 3509 1426 3589 hoc
1464 3523 1603 3588 nostro
1639 3505 1859 3612 specimine
1901 3513 2033 3596 locum
2065 3518 2133 3596 ha·

598 3646 689 3745 bet,
742 3648 786 3726 in
817 3667 899 3748 quo
929 3648 1058 3728 omnis
1096 3651 1163 3731 illa
1193 3649 1248 3731 src
1286 3646 1394 3729 dicta
1424 3646 1924 3754 pseudo-membranacea
1963 3654 2134 3738 substan·

600 3793 679 3886 tia,
728 3808 812 3868 non
847 3805 1001 3870 tantum
1033 3793 1187 3871 nullam
1217 3789 1310 3871 sere
1345 3795 1657 3874 ¹concretionem
1696 3794 1801 3874 inter
1828 3798 2064 3897 pulmonem
2095 3817 2136 3877 et

601 3927 778 4030 pleuram
813 3930 1013 4009 costalem
1045 3928 1313 4034 produxerat,
1356 3954 1496 4014 verum
1532 3934 1599 4014 hic
1639 3951 1685 4014 et
1722 3935 1803 4016 illic
1844 3943 1966 4019 etiam
2009 3938 2137 4022 soluta

602 4069 650 4148 ab
685 4064 767 4172 ipsa
793 4069 932 4172 pleura
962 4072 1183 4174 pulmonali
1213 4073 1444 4180 pendebat,
1476 4092 1518 4154 et
1549 4091 1632 4154 erat
1653 4073 1763 4155 adeo
1794 4071 1944 4181 fragilis
1974 4098 2015 4159 et
2048 4077 2136 4161 fria·

600 4211 719 4310 bilis,
745 4224 791 4288 ut
816 4205 1029 4314 prudentia
1060 4210 1213 4296 summa
1242 4238 1346 4322 opus
1386 4213 1494 4299 esset
1527 4239 1731 4298 eamcum
1760 4216 1905 4299 affecta
1932 4224 2136 4325 pulmonis

602 4369 712 4457 parte
742 4352 940 4454 integram
963 4369 1004 4434 et
1024 4354 1283 4460 conjunctam
1310 4356 1478 4440 servare.
1525 4357 1755 4463 Puogeniae
1780 4362 1849 4440 vel
1874 4365 2137 4465 empyematis

605 4488 712 4571 forte
741 4490 807 4571 hic
834 4487 913 4574 fuit
942 4497 1130 4596 initium;
1161 4501 1311 4582 nullam
1342 4518 1478 4582 tamen
1512 4503 1707 4606 guttulam
1744 4503 1855 4606 puris
1887 4504 1930 4582 in
1964 4509 2138 4585 cavitate

599 4647 691 4730 peta
726 4632 898 4734 thoracis
926 4638 1111 4737 invenire
1143 4646 1282 4746 potui,
1313 4662 1447 4747 neque
1475 4639 1607 4730 serum
1634 4640 1765 4746 ipsum
1792 4638 1984 4747 effusum,
2016 4665 2140 4754 quare
