4794 6348
467 437 1614 542 t··1asc·1>cnn''na.'snna1us·
1710 449 1868 570 ’δῖε
2005 507 2007 512 ’

518 765 1552 864 ΔΕΧΡΙιῐῦΓΗθ

672 1023 1279 1114 TABULAE
1363 1024 1478 1116 XIV.

352 1350 643 1463 Oesophagum
703 1347 937 1437 morbosum
990 1370 1064 1456 per
1113 1345 1408 1456 longitudinem
1459 1369 1643 1457 apertum
1663 1337 1669 1350 ’
1691 1349 1844 1440 Tabula

296 1495 465 1581 exhibet
490 1520 584 1582 euna
612 1499 776 1602 larynge
804 1509 846 1576 et
872 1493 1013 1575 arteria
1041 1509 1164 1575 aorta.

434 1656 462 1718 a
488 1637 630 1723 Portio
656 1639 824 1743 lingone
844 1626 1028 1717 abscissa.

443 1775 468 1856 b
494 1777 733 1886 Epiglottis.

419 1939 465 1997 cc
492 1917 714 2026 Pharyngis
744 1920 901 2002 interna
926 1907 1159 2020 superficies
1187 1911 1289 1998 sana.
1786 2027 1791 2036 Ι

397 2151 401 2158 ,
438 2057 470 2140 d
494 2057 729 2168 oesophagi
756 2057 920 2142 initium
943 2050 1082 2137 sanum
1109 2051 1299 2160 quidem,
1329 2050 1471 2144 saltem
1498 2076 1588 2144 non
1620 2056 1841 2166 degenera-

540 2217 660 2302 tum,
690 2195 761 2282 sed
791 2211 959 2280 arenam.

419 2363 460 2428 ee
487 2337 691 2430 Glandula
713 2335 945 2446 thyrioidea
971 2335 1216 2443 donatque
1240 2336 1408 2425 tumida

417 2475 477 2588 ff
490 2483 650 2591 Corpus
667 2477 949 2590 glandulosum
974 2477 1227 2584 oblongum,
1257 2477 1508 2569 durissimum
1531 2499 1576 2568 et
1605 2505 1699 2568 eum
1716 2481 1834 2566 oeso-
1988 2455 1992 2462 ⁴

403 2610 405 2618 ’
528 2624 664 2734 phago
693 2639 953 2707 concretum.
1891 2667 1894 2674 ‹

401 2783 459 2872 gg
484 2763 664 2853 Interior
692 2763 915 2872 oesophagi
951 2758 1209 2871 superficies,
1238 2763 1439 2874 glandulis
1462 2771 1705 2876 muciparis,
1743 2791 1831 2852 mo·

529 2912 571 2994 le
612 2911 744 2998 auctis
782 2903 1058 3012 induratisque
1098 2923 1142 2989 et
1188 2906 1460 2992 aderofione
1495 2930 1572 3016 per
1615 2910 1828 2994 materiem

528 3069 662 3134 acrem
686 3050 827 3134 oscula
854 3043 1013 3132 dilatata
1040 3043 1384 3156 monstrantibus,
1416 3047 1555 3134 obsita.

348 3189 449 3276 llll
475 3189 645 3277 Tractus
678 3191 992 3280 exulcerationis
1033 3188 1278 3300 oesophagi,
1315 3193 1495 3275 internae
1528 3191 1690 3276 tunicae
1725 3193 1827 3280 emi·

530 3337 668 3420 nentis
696 3357 774 3444 per
804 3329 1101 3418 indurationem
1132 3329 1400 3441 subjectarum
1430 3332 1671 3418 tunicamn.

383 3472 449 3558 iiii
475 3471 687 3564 Indusatae
721 3479 882 3561 tunicae
918 3477 1046 3562 totius
1080 3473 1302 3584 oesophagi
1328 3473 1477 3562 morbo
1504 3468 1642 3554 affecti
1673 3489 1824 3556 aracusa

477 3631 483 3642 '
530 3637 573 3702 et
603 3633 819 3702 concretae
845 3614 1011 3702 firmiter
1039 3637 1131 3701 cuna

392 3755 444 3841 ik
469 3757 597 3846 Aorta
621 3757 909 3856 descendente.

383 3921 439 3985 na
465 3894 594 3989 horta
631 3899 897 3984 adscendens.

401 4065 441 4126 m
464 4043 764 4132 Bronchiarusn
792 4019 883 4152 pars
909 4041 1048 4131 dextra
1069 4041 1251 4129 abscissa.

386 4171 443 4266 nn
469 4183 651 4272 Tunicae
687 4184 952 4294 degeneratae
963 4221 982 4292 ,Α
1026 4203 1241 4269 concretae
1276 4205 1373 4268 cum
1413 4201 1527 4267 ramo
1568 4177 1648 4260 hoc
1687 4175 1810 4256 bron·

520 4332 717 4416 chinum.

377 4487 443 4553 ooo
470 4468 700 4558 Glandulae
721 4471 947 4582 mneipasae
967 4467 1219 4578 oesophagi,
1240 4470 1285 4553 in
1310 4460 1456 4570 quibus
1482 4457 1644 4544 initium
1678 4455 1810 4580 morht

517 4591 690 4723 apparet.
1119 4729 1122 4736 ,
1379 4619 1383 4628 '

337 4763 341 4770 ’
370 4763 428 4862 pp
455 4753 550 4843 Pars
571 4753 790 4869 oesophagi
822 4747 1018 4865 inferior,
1047 4776 1149 4868 qnae
1176 4749 1339 4842 videtur
1366 4741 1472 4838 suna·
