4774 6330
441 439 1030 544 ·Fasc1cu1.‚us
1083 441 1529 532 Sscnunos.
1746 479 1803 566 43

244 937 669 1028 mummulo
702 934 1080 1030 onuofflaol
1108 937 1508 1037 summonte
1532 946 1776 1042 Palem
1786 1015 1804 1058 ,

305 1089 451 1180 Pam
470 1086 873 1179 laudamus
885 1093 979 1184 Ea*
996 1087 1217 1180 MAGNI
1221 1095 1474 1186 TUDINE
1496 1095 1762 1193 AUCTAM

368 1236 782 1328 Garumna!
800 1241 1297 1344 THURIOIDEAM,
1320 1248 1702 1344 Paeonum!-

447 1391 579 1479 TBR
598 1387 1030 1480 DYSPHAGJAE
1050 1394 1387 1484 amalarius
1410 1397 1626 1490 CAUSA.

577 1797 1084 1886 TABULA
1168 1800 1475 1890 IXanX.

303 2192 373 2342 In
403 2251 646 2338 dissectione
677 2250 882 2337 cadaveris
906 2250 1083 2336 feminae
1110 2249 1296 2357 adultae,
1327 2277 1428 2360 quae
1457 2257 1666 2346 videbatur
1684 2263 1802 2357 circi·

242 2415 308 2482 ter
326 2402 477 2506 viginti
501 2418 723 2498 annorum,
752 2399 986 2480 anatomicis
1011 2392 1424 2482 demonstrationibus
1448 2398 1668 2504 destinati,
1686 2401 1801 2507 cujus

242 2541 382 2623 morbi
416 2537 573 2622 indoles
606 2559 649 2620 et
683 2542 824 2620 mortis
856 2534 968 2620 causa
1000 2537 1100 2620 mihi
1131 2560 1214 2618 non
1242 2537 1324 2622 fuit
1352 2544 1501 2644 relata,
1534 2545 1676 2626 inveni
1712 2568 1800 2626 om·

243 2688 311 2766 nia
344 2685 503 2768 viscera
529 2684 705 2766 thoracis
735 2699 777 2762 et
812 2679 1038 2763 abdominis
1069 2681 1110 2760 in
1136 2677 1230 2761 sano
1266 2677 1367 2766 statu
1398 2679 1641 2783 constituta,
1683 2705 1796 2790 prae·

72 2903 76 2910 .
241 2842 432 2929 terquam
461 2825 571 2928 quod
604 2824 856 2906 ventriculus
893 2841 936 2904 et
968 2824 1157 2907 intestina
1182 2829 1320 2908 tenuia
1345 2845 1473 2910 vacua
1504 2846 1639 2927 erant3
1669 2824 1797 2910 crassa

242 2989 374 3072 pauca
413 2965 674 3049 continebant
712 2965 898 3070 scybala3
939 2979 1084 3070 corpus
1117 2983 1254 3046 autem
1287 2983 1419 3048 totum
1446 2970 1576 3050 macie
1609 2965 1794 3050 consum·

243 3123 330 3198 tum
367 3127 475 3208 crat3
507 3105 645 3190 detexi
665 3127 771 3188 vero
798 3104 846 3187 ad
875 3109 1119 3188 anteriorem
1147 3107 1246 3188 colli
1279 3127 1431 3211 partem
1464 3125 1606 3190 notatu
1629 3105 1800 3214 dignum·

245 3267 470 3352 tumorem,
498 3273 619 3354 quem
650 3253 796 3357 igitur,
819 3247 970 3330 subiato
999 3263 1118 3350 cute,
1148 3250 1371 3346 accuratius
1405 3249 1654 3352 examinavi,
1685 3245 1796 3353 ejus·

242 3413 324 3494 que
351 3387 466 3474 causa
488 3389 586 3472 haec
609 3407 717 3474 erat:
746 3385 814 3472 Ad
839 3392 1073 3474 interiorem
1101 3391 1276 3496 laryngis
1302 3407 1457 3496 partem
1472 3388 1683 3475 videbatur
1705 3414 1794 3472 cor·

245 3557 320 3640 pus
357 3532 525 3634 dunum,
559 3538 602 3617 in
633 3531 735 3617 duos
775 3533 892 3614 lobes
927 3529 1114 3614 dentmm
1142 3552 1185 3613 ct
1210 3531 1412 3615 srnistmm
1436 3528 1569 3616 media
1598 3534 1703 3615 linea
1735 3531 1794 3614 di·

243 3671 398 3774 uisum,
440 3673 553 3777 quod
591 3692 675 3756 erat
710 3672 894 3782 glandula
934 3671 1158 3778 thyrioidea
1204 3694 1420 3780 permagna
1465 3691 1507 3754 et
1556 3671 1789 3777 durissrma3

242 3819 287 3898 in
313 3820 512 3900 anteriore
543 3835 657 3926 parte
694 3841 779 3900 non
821 3820 982 3924 penitus
1023 3814 1254 3922 pendebat,
1314 3811 1387 3894 sed
1434 3811 1524 3898 fere
1571 3837 1700 3924 usque
1740 3815 1792 3898 ad

246 3955 484 4040 divisionem
517 3983 678 4066 asperae
710 3963 873 4045 arteriae
899 3961 942 4040 in
966 3959 1162 4042 bronchia
1193 3962 1240 4042 'in
1272 3960 1489 4042 cavitatem
1516 3955 1690 4042 thoracis
1715 3955 1786 4042 de-

244 4098 450 4190 scendens.
481 4102 705 4188 immissum
732 4103 883 4188 deinde
910 4105 953 4184 in
966 4106 1189 4208 liquorem,
1222 4124 1303 4206 quo
1328 4098 1529 4200 servatur,
1559 4093 1788 4180 valdecon-

240 4258 414 4325 tractum
450 4261 492 4324 ct
526 4239 673 4328 sursum
705 4263 918 4330 retractum
952 4264 1046 4348 est,
1085 4247 1153 4328 ita·
1169 4261 1215 4326 ut
1241 4242 1535 4325 multominus
1570 4259 1679 4320 nunc
1717 4239 1788 4322 de·
1938 4247 1942 4262 “

241 4383 428 4488 pendeat.
483 4385 531 4470 In
566 4395 792 4496 posteriore
835 4409 935 4472 vero
974 4405 1088 4498 parte
1129 4381 1216 4494 ejus
1257 4383 1453 4487 margines
1489 4397 1655 4462 eatenus
1690 4403 1785 4484 pro·

243 4525 381 4636 ductas
400 4526 487 4612 esse
511 4535 668 4636 patuit,
695 4551 741 4616 ut
768 4555 884 4637 quam
918 4534 1101 4640 proxime
1131 4535 1237 4614 inter
1258 4523 1300 4609 se
1334 4520 1603 4624 accederent,
1645 4524 1700 4606 ita
1736 4541 1783 4605 ut

239 4667 489 4778 oesophagus
513 4675 702 4780 hicloci,
718 4677 767 4760 ab
782 4682 829 4762 iis
852 4678 1062 4783 inigniter
1084 4665 1358 4779 compressus,
1373 4664 1422 4748 ad
1436 4686 1604 4772 parvum
1617 4656 1786 4770 spatium

236 4817 364 4896 multo
397 4819 546 4899 arctior
581 4813 706 4921 essct,
736 4843 854 4924 qoam
886 4818 999 4934 supra
1026 4838 1093 4904 aut
1120 4811 1224 4910 infra
1249 4833 1345 4896 eum
1373 4811 1538 4905 loeum3
1567 4809 1650 4892 imo
1681 4823 1783 4892 vero

1438 4953 1465 5032 6
1472 5010 1488 5052 ,
1519 4973 1542 5031 a
